3509 5442
800 551 829 616 V
1304 557 1368 624 322

254 721 354 788 locuti
370 727 445 788 sunt
458 743 542 789 noro
557 741 666 801 more,
682 727 818 804 postque
834 742 890 787 eos
904 721 1069 788 Phaedrus
1085 725 1189 810 iorpii
1195 774 1203 806 ,
1217 726 1366 809 luscinii,

255 823 436 888 Columella
456 826 489 889 in
511 829 691 904 x‚182356
708 825 843 889 Caecilii
861 830 893 890 et
911 827 1086 890 marrubii.
1103 825 1207 891 minus
1224 832 1365 908 eertum,

253 930 355 1010 puto,
370 924 404 990 in
419 927 554 1011 Priapeo
569 932 614 1003 ‚50
629 927 814 1012 supercilii,
831 926 886 990 ubi
906 925 1044 991 ablativo
1059 928 1176 1010 pariter
1190 927 1281 993 locus
1296 934 1365 994 est:
1445 983 1451 995 .

253 1026 381 1111 Dirae,
403 1029 585 1107 Moretum,
609 1027 764 1106 Gratius,
787 1027 924 1110 epitome
946 1026 1091 1107 iliados,
1113 1027 1221 1111 (liris,
1242 1030 1365 1109 Culex,

253 1128 359 1193 neutri
382 1131 464 1212 parti
484 1130 612 1196 favent.
628 1136 735 1196 tenent
757 1150 874 1193 novum
895 1148 1014 1192 morem
1037 1129 1179 1213 Seneca,
1194 1132 1365 1213 Lucanus,

252 1229 444 1310 Petronius,
467 1232 615 1298 Valerius
641 1232 798 1314 Flaccus,
822 1229 960 1308 Statius,
981 1229 1098 1311 Silius,
1118 1232 1292 1318 Martialis,
1313 1236 1365 1298 Iu·
1459 1237 1468 1245 '

253 1331 400 1396 venalis.
421 1332 606 1417 Propertius
626 1352 702 1397 vero
725 1332 916 1398 adiectivum
940 1351 1067 1413 quoque
1089 1354 1206 1400 nomen
1227 1335 1366 1400 breviori

253 1433 311 1498 illa
338 1434 477 1518 genetivi
506 1435 677 1501 inflexione
700 1434 831 1513 extulit,
848 1434 908 1499 sed
929 1454 1047 1512 unum,
1062 1437 1156 1500 Nono
1177 1437 1264 1503 Iocis
1286 1439 1363 1504 inci·

250 1537 343 1620 poam
359 1561 473 1601 canoas
488 1540 613 1622 aperire
628 1538 769 1619 Feretri,
786 1543 818 1601 et
833 1539 920 1602 Hine
934 1537 1060 1601 Feretri
1076 1537 1163 1602 dicte
1178 1553 1222 1604 est
1237 1565 1298 1604 ere
1312 1565 1363 1605 on

247 1638 354 1722 perde
376 1638 481 1702 Iovio.
497 1635 583 1702 idem
606 1638 660 1720 qui
681 1644 808 1721 praeter
828 1637 912 1702 huno
934 1638 1005 1704 ausi
1021 1640 1103 1717 sint,
1118 1641 1301 1706 Iuvenalem
1315 1641 1364 1706 in-

254 1738 371 1819 venio,
388 1738 477 1804 ouius
499 1744 548 1804 est
568 1740 602 1804 in
617 1740 715 1806 satha
731 1745 847 1819 v1,385
868 1743 1004 1805 nononis
1018 1744 1127 1828 Appi,
1144 1747 1176 1807 et
1194 1741 1361 1822 Senecam,

254 1839 309 1921 qui
325 1839 452 1923 scripsit
462 1841 495 1905 in
506 1841 681 1926 Hippolyto
696 1845 777 1910 1022
793 1866 906 1906 numen
918 1842 1085 1928 Epidauri
1095 1843 1166 1926 dei,
1178 1864 1252 1907 narn
1263 1844 1362 1910 fuisse

255 1941 309 2023 qui
324 1941 439 2028 Satyri
452 1945 585 2010 Tarenti
596 1943 630 2008 in
644 1942 803 2027 georgicis
817 1941 951 2026 Vergilii
965 1966 998 2027 11,
1014 1947 1072 2011 197
1094 1951 1126 2009 et
1140 1946 1278 2031 scopelii
1292 1970 1361 2010 oar-

256 2044 328 2108 dior
344 2044 437 2109 Icari
444 2094 452 2126 ,
466 2044 552 2126 quod
573 2052 622 2110 est
642 2045 728 2129 apud
748 2045 913 2110 Horatium
934 2065 1030 2110 carm.
1042 2068 1088 2125 111,
1103 2049 1176 2124 7,21
1191 2097 1198 2125 ,
1213 2046 1258 2110 ita
1279 2045 1361 2110 acci-

255 2151 366 2228 perent
382 2144 475 2229 quasi
487 2153 593 2213 essent
604 2147 731 2233 Satyrii
739 2153 769 2211 et
780 2148 901 2229 Icarii,
917 2167 1021 2229 neque
1033 2147 1185 2213 credibile
1198 2153 1361 2230 estusque

254 2246 389 2328 dignum
410 2248 581 2313 memoria.
597 2269 700 2331 nuper
720 2254 826 2313 tamen
847 2248 943 2312 homo
966 2248 1096 2331 quidam
1118 2250 1231 2314 doctus
1252 2251 1366 2315 cornici

254 2375 379 2414 oeream
402 2370 496 2431 quem
518 2349 595 2416 dicit
616 2350 737 2414 Plinius
759 2349 792 2413 in
814 2349 968 2414 naturalis
990 2350 1138 2417 historiae
1153 2374 1218 2431 xrv,
1238 2354 1286 2429 14,
1302 2354 1360 2430 16,

254 2471 312 2533 pro
334 2451 502 2517 Luciliano
527 2452 711 2518 hexametro
739 2451 912 2517 venditavit
937 2451 1030 2517 nimis
1057 2473 1168 2519 secure
1198 2453 1243 2517 ita
1264 2451 1363 2535 serip-

254 2560 341 2634 tum,
359 2555 503 2640 Qainqne
520 2557 623 2619 Theoi
640 2557 710 2620 cini
722 2555 922 2640 depromam,
938 2556 1013 2619 dinc
1031 2557 1182 2620 Falerni.
1197 2554 1274 2618 mihi
1296 2573 1362 2618 cer·

255 2662 321 2720 tum
347 2654 473 2720 videtur
493 2655 629 2722 Plinium
657 2657 741 2720 hunc
768 2675 897 2720 versum
919 2654 1036 2718 referre
1062 2655 1105 2720 ad
1126 2662 1270 2739 tempora
1291 2655 1362 2719 Sul-

255 2759 351 2822 lana:
368 2762 506 2823 ceterum
530 2758 639 2841 copias
655 2756 758 2839 Siligii
774 2755 988 2840 expectandos
1004 2775 1138 2841 censeo,
1155 2776 1215 2822 neo
1228 2776 1360 2840 possum

255 2860 362 2926 dicere
389 2880 485 2943 quam
509 2880 585 2926 vere
616 2858 818 2925 scribendum
841 2858 1030 2924 coniecerim
1053 2860 1136 2937 Quin
1162 2860 1277 2923 iunii
1295 2858 1366 2922 vini

256 2963 339 3028 dena
346 2987 511 3049 promam,
524 2963 599 3028 bino
610 2963 744 3027 Falerni
753 2961 840 3026 dolie
853 3011 859 3025 .
872 2980 967 3044 porro
984 2959 1250 3024 substantivorum
1263 2958 1362 3023 Grae·
1411 3014 1415 3021 .

255 3084 366 3129 corum
388 3063 552 3145 genetivos
573 3063 607 3127 in
629 3063 771 3128 vocalem
794 3066 810 3128 i
829 3061 1004 3144 simplicem
1026 3064 1178 3125 exeuntes
1199 3081 1263 3125 non
1282 3059 1362 3124 nulli

255 3167 451 3250 probarunt,
465 3165 511 3230 ita
531 3172 638 3231 tamen
660 3165 687 3229 si
708 3170 782 3230 ante
805 3183 876 3229 earn
900 3163 1007 3246 plures
1022 3183 1130 3228 morae
1153 3167 1280 3246 essent,
1296 3183 1362 3228 non

256 3290 321 3334 una
340 3272 484 3332 tantum:
500 3286 573 3331 nam
588 3266 771 3333 Priscianus
793 3266 1027 3350 imperitissime
1041 3266 1075 3330 in
1089 3264 1253 3330 Aeneidos
1264 3287 1286 3343 1,
1298 3268 1361 3332 222

256 3375 338 3438 Fata
362 3373 446 3458 Lyci
463 3368 686 3452 interpretatur
700 3371 798 3457 Lycii
805 3419 814 3452 ,
829 3390 860 3452 p.
877 3374 960 3448 946,
977 3375 1009 3435 et
1027 3368 1107 3433 dixit
1120 3368 1250 3432 Bromii
1260 3366 1361 3433 tribus

255 3473 391 3560 syllabis
413 3473 512 3537 Varro
540 3470 626 3557 apud
653 3472 683 3535 N
685 3473 791 3536 onium
817 3491 848 3554 p.
867 3469 1221 3556 71‚18‚Defr0ndem,
1237 3471 1368 3536 Bromii

255 3576 475 3643 autumnitano
496 3574 625 3639 noidarn
635 3625 644 3657 ,
662 3574 724 3638 nisi
744 3580 848 3639 tamen
871 3574 906 3638 id
920 3593 1038 3638 nomen
1051 3572 1158 3656 potius
1172 3570 1363 3636 adiectivum

256 3684 322 3745 est.
339 3677 387 3742 sie
407 3675 503 3759 igitur
516 3673 650 3741 Plautus
668 3677 815 3763 Talthybi
833 3676 867 3740 in
883 3674 988 3740 Sticho
1003 3698 1037 3754 11,
1049 3678 1079 3753 2,
1088 3677 1129 3741 33
1139 3722 1149 3761 ,
1163 3676 1315 3761 pyotnori
1329 3673 1363 3738 in

256 3778 480 3857 Bacchisinrn,
491 3776 861 3865 3,21,LucretiusAe9i,
873 3778 1024 3858 adsentiri,
1036 3777 1193 3856 centauri,
1206 3776 1361 3861 conchyli,

248 3881 403 3948 ‘Catullus
433 3881 526 3946 Pelei
554 3879 695 3956 montis,
719 3880 886 3967 conchyli,
905 3879 1056 3966 pymnasi
1068 3926 1077 3958 ,
1100 3874 1233 3940 Ovidius
1265 3875 1364 3940 semel

257 3986 366 4070 alepi
383 3988 510 4048 metam.
525 4003 595 4059 x1v,
607 3985 627 4049 5
640 4031 648 4059 ,
663 3984 780 4046 Aconti
803 3981 835 4044 in
857 3979 994 4062 Priapeo
1016 4001 1092 4056 xv1,
1108 3977 1249 4042 helenoti
1267 3975 1363 4042 Colu-

256 4088 355 4153 mella
375 4084 410 4148 in
431 4107 462 4162 x,
474 4089 536 4153 297
550 4134 558 4162 ,
574 4082 692 4148 Statius
707 4081 805 4146 Theb.
817 4105 860 4167 x1,
874 4087 937 4150 636
954 4083 1036 4165 Lai,
1052 4079 1137 4163 quod
1151 4077 1265 4145 vitiose
1288 4079 1365 4144 scri-

256 4192 342 4257 bitur
356 4190 453 4254 Loii.
468 4186 619 4251 Horatius
640 4184 682 4249 ad
703 4184 788 4250 hune
808 4182 937 4248 modum
961 4182 1039 4246 dixit
1053 4184 1168 4247 Libros
1182 4182 1322 4245 Panaeti
1333 4186 1365 4246 et

256 4293 400 4378 Dionysi
407 4291 525 4377 filins:
541 4288 581 4354 de
602 4289 664 4352 hoc
685 4287 767 4352 enim
783 4286 918 4352 Bentleii
940 4284 1127 4350 sententiam
1145 4281 1296 4366 probabit
1310 4282 1365 4366 qui

256 4415 298 4461 ea
320 4390 570 4459 consideraverit
592 4409 674 4472 quae
689 4389 823 4454 Carolus
837 4389 961 4455 Keilius
986 4388 1020 4452 in
1042 4384 1214 4470 specimine
1235 4403 1366 4449 onoma

254 4495 360 4577 tologi
387 4493 522 4571 Graeci,
543 4492 671 4576 Lipsiae
699 4512 782 4558 anno
812 4496 895 4560 1840
922 4491 1007 4557 edito
1019 4542 1027 4574 ,
1043 4486 1216 4573 disputavit
1243 4508 1274 4570 p.
1303 4490 1365 4565 24,

255 4618 319 4664 nec
345 4595 440 4661 facile
469 4614 659 4677 quemquam
685 4596 848 4680 Dionysos
870 4591 1115 4658 Trimalchionis
1142 4609 1251 4655 servus
1273 4586 1367 4651 alior-

255 4719 330 4768 sum
355 4696 482 4781 trahet.
497 4697 557 4781 sed
583 4696 682 4779 louge
709 4694 848 4760 maxima
879 4712 956 4779 pars
976 4697 1149 4779 ,poetarum
1174 4689 1236 4755 hac
1263 4685 1367 4752 forma
