3509 5442
855 570 899 636 Vl
1367 576 1430 642 397

474 680 487 705 0

315 744 443 804 memte
458 746 635 810 succussa
650 745 739 810 1721
755 745 817 810 23:
834 761 907 806 nam
917 743 1188 830 promaqr‘strctuo
1203 742 1320 807 ibidem
1336 746 1373 808 12
1385 742 1431 807 vi·

317 841 439 906 tiosum
466 846 514 907 est
540 848 572 907 et
598 843 694 908 debet
722 863 792 908 esse
814 870 877 930 pro
899 844 1130 930 anapesti-crud,
1153 869 1297 910 successus
1323 851 1429 910 autem

318 948 453 1027 propter
478 970 542 1010 esse
570 952 656 1011 recto
686 965 763 1012 casu
790 947 890 1031 accipi
918 968 982 1010 non
1004 952 1127 1030 potest.
1152 965 1191 1012 eo
1214 946 1268 1028 qui
1291 967 1367 1011 usus
1390 946 1430 1011 sit

319 1045 440 1109 Aulum
466 1045 604 1110 Gellium
631 1046 664 1110 in
691 1047 864 1112 Atticarum
894 1048 1034 1113 noctium
1063 1048 1144 1113 libro
1167 1055 1269 1125 xv1‚8
1296 1048 1355 1134 (ibi
1382 1055 1431 1113 est

318 1172 466 1212 necessus
478 1147 565 1234 fusi)
593 1148 696 1213 solum
725 1149 852 1213 invenio
878 1155 1005 1233 praeter
1025 1149 1231 1229 Terentium,
1253 1149 1307 1232 qui
1334 1148 1430 1215 habet

317 1274 465 1314 necessus
477 1251 551 1334 fuit
578 1250 612 1313 in
633 1250 785 1315 Eunucho
808 1273 836 1329 V,
850 1256 880 1335 5,
897 1255 958 1329 28,
982 1265 1016 1316 ut
1037 1254 1078 1317 sit
1099 1276 1242 1317 necessus
1268 1252 1302 1316 in
1323 1252 1430 1317 Heau-

318 1351 586 1416 tontimorumeno
602 1375 634 1431 ιι,
646 1358 675 1430 3,
694 1357 774 1421 119.
791 1353 819 1418 si
833 1353 866 1417 in
883 1355 1035 1419 Bembino
1051 1352 1161 1418 codice
1176 1352 1315 1418 Andriae
1339 1359 1429 1418 actus

319 1452 483 1517 secundus
509 1453 642 1536 eiusque
665 1474 800 1520 scaenae
824 1455 985 1522 secundae
1008 1475 1119 1520 versus
1134 1461 1176 1523 35
1197 1454 1302 1520 lectus
1324 1463 1428 1533 esset,

318 1552 366 1619 ibi
388 1574 516 1636 quoque
537 1554 727 1621 haberemus
743 1559 846 1637 Quasi
864 1583 1008 1623 necessus
1030 1561 1090 1622 ss't.
1110 1556 1167 1622 sed
1189 1562 1262 1620 ante
1284 1559 1428 1624 vocalem

317 1657 490 1722 Terentius
523 1683 670 1741 necesse,
705 1685 826 1725 necesse
859 1674 930 1742 est,
961 1660 1035 1723 Nou
1057 1660 1131 1744 fud
1162 1683 1284 1724 necesse
1316 1662 1429 1726 habuc

317 1758 447 1823 Phorm.
463 1782 496 1842 11,
509 1764 535 1838 1,
548 1765 609 1837 66,
625 1759 700 1825 item
719 1761 900 1826 accusativo
924 1780 1000 1825 casu
1023 1784 1144 1825 uecesse
1166 1761 1281 1824 habeo.
1297 1761 1429 1826 Plautus

317 1866 407 1925 recto
431 1880 507 1926 casu
528 1877 716 1927 necessumst
726 1913 735 1946 ,
753 1875 910 1929 accessust
920 1913 929 1945 ,
951 1886 1073 1926 necesse
1094 1875 1156 1943 est,
1179 1862 1354 1927 accusandi
1376 1888 1427 1928 ae-

317 1987 441 2027 cessum
457 1989 521 2028 csse
534 1962 568 2026 in
583 1962 682 2026 Milite
694 1985 736 2042 1v,
745 1970 774 2047 3,
788 1969 829 2033 25
846 1971 878 2030 et
892 1989 1013 2029 successe
1028 1988 1092 2028 esse
1107 1963 1140 2026 in
1155 1963 1302 2028 Asinaria
1316 1970 1376 2043 1,1,
1389 1969 1426 2032 9.

317 2064 501 2128 accusativo
523 2064 627 2128 neutri
648 2065 775 2146 generis
790 2065 958 2131 Lucretius
973 2065 1007 2129 in
1022 2088 1055 2143 11,
1066 2069 1129 2134 289
1144 2065 1223 2129 mire
1238 2065 1426 2131 adieetivum

317 2164 465 2244 addidit,
486 2192 645 2232 accessum
667 2169 866 2232 intestinum.
884 2167 941 2233 sed
963 2193 1089 2233 necessu
1099 2218 1108 2251 ,
1125 2166 1211 2249 quod
1233 2167 1428 2251 exemplaria

317 2271 429 2331 vetera
449 2267 568 2334 habent
588 2270 621 2333 in
644 2270 756 2333 eodem
777 2270 859 2334 libro
874 2274 959 2349 468,
981 2290 1046 2335 non
1068 2275 1175 2354 potest
1195 2268 1358 2353 intellegi.
1374 2296 1426 2336 uc-

318 2390 409 2432 cessu
432 2383 477 2434 est
498 2371 655 2454 oblongus
677 2370 709 2435 in
728 2378 856 2449 1v,516.

408 2475 479 2538 817.
503 2495 539 2536 ru
560 2495 736 2538 ascaron
758 2495 1005 2543 rsousrsoun
1028 2496 1157 2538 cAuLI.
1180 2475 1228 2538 Ita
1252 2474 1426 2556 quadratus

318 2575 351 2635 et
373 2571 531 2639 schedae:
555 2577 712 2658 oblongus
734 2584 765 2642 et
787 2577 862 2644 olim
883 2575 1030 2659 impressi
1056 2580 1090 2641 u'u
1113 2590 1243 2663 apertu,
1267 2577 1426 2641 Antonius

317 2673 412 2737 Marii
434 2677 468 2740 iu
490 2691 682 2764 apertaque.
1406 2675 1411 2689 ³

407 2780 478 2845 818.
502 2778 563 2842 Src
586 2802 628 2842 nr
650 2801 797 2842 suanus
820 2801 914 2843 uocs
936 2802 1140 2843 usurrsns.
1161 2778 1329 2843 Corrector
1348 2800 1426 2861 qua·

317 2877 402 2942 drati
415 2927 423 2962 ,
438 2880 529 2960 Itali,
544 2881 717 2965 Marullus,
735 2884 803 2946 lucc
817 2904 1009 2945 surmus.
1026 2896 1054 2946 cr
1068 2881 1254 2965 particulam
1277 2880 1328 2945 hic
1349 2880 1425 2946 ferri

317 2999 385 3043 non
407 3001 503 3064 posse
526 2983 602 3047 satis
624 3003 740 3068 supra,
756 2984 818 3049 nisi
832 2983 947 3062 fallor,
963 2984 1062 3048 evici.
1079 2989 1111 3049 et
1131 3002 1172 3048 ne
1194 2981 1275 3046 dixit
1297 2982 1425 3064 quidem

317 3082 397 3146 alibi
411 3084 575 3149 Lueretius
590 3087 643 3152 Sic
666 3089 778 3169 eccum,
801 3084 860 3150 sed
882 3084 1084 3169 simpliciter,
1101 3084 1338 3165 ambiguitatem
1361 3104 1426 3149 non

317 3184 463 3263 evitans,
486 3187 539 3253 sic
563 3189 719 3253 bernaicum
739 3212 840 3274 pecus
862 3202 913 3252 est.
932 3189 965 3251 in
986 3211 1033 3266 ιιι,
1046 3192 1129 3266 307,
1153 3192 1184 3252 et
1203 3185 1238 3250 in
1260 3187 1321 3251 hoe
1341 3187 1423 3253 libro

315 3286 415 3368 paulo
438 3293 510 3371 post
525 3293 586 3357 895
604 3278 658 3355 Sic
675 3316 736 3375 per
758 3315 828 3356 cusu
839 3291 985 3377 fontem.
1000 3290 1043 3354 ad
1064 3290 1125 3354 hoc
1147 3289 1326 3372 exemplum
1349 3290 1425 3355 scri-

315 3385 458 3451 bendum
481 3395 528 3454 est
549 3391 602 3456 sic
624 3412 671 3453 us
693 3392 822 3457 Auerua
844 3392 932 3457 locu.

406 3494 478 3560 820.
501 3491 553 3556 Ur
575 3514 712 3556 rsrruu
736 3515 844 3556 enarr
866 3515 1020 3565 Quonsu
1042 3516 1088 3556 nc
1103 3516 1220 3557 saara
1236 3517 1422 3562 varenas.

317 3591 521 3658 Correctores
542 3598 666 3658 veteres
687 3596 727 3659 Ut
743 3581 906 3659 ¹srmrruu
919 3645 926 3658 .
941 3596 1013 3660 itali
1035 3602 1066 3660 et
1087 3596 1234 3681 impressi
1250 3619 1422 3668 QUADAM.

314 3710 444 3760 ueuerccr
465 3697 638 3778 quadratus
661 3701 692 3760 et
714 3696 872 3761 schedae:
888 3701 1002 3762 ucucus'
1020 3698 1178 3779 oblongus
1193 3717 1213 3760 a
1228 3706 1421 3785 correctore,

315 3816 422 3877 neque
444 3803 576 3880 apparet
591 3798 673 3880 quid
700 3799 843 3883 aprima
866 3820 961 3864 manu
984 3799 1096 3864 fuerit.
1120 3798 1189 3862 Itali
1213 3805 1244 3862 et
1266 3800 1341 3864 olim
1364 3802 1423 3867 im-

314 3897 421 3980 pressi
442 3902 569 3981 ueueuu',
594 3901 748 3964 Marullus
770 3916 915 3966 eeueuct.
957 3896 961 3902 ’

386 4003 475 4078 825.
491 4001 697 4071 Ruurourss
713 4024 798 4065 vrrs
809 4051 816 4065 .
829 4005 1010 4088 Bellu'qur'as
1022 4002 1196 4082 oblongus.
1209 4023 1321 4065 οιτον.
1333 4005 1420 4069 Itali.

402 4105 474 4168 831.
498 4098 715 4173 resinous.
738 4103 809 4167 ltali
832 4110 863 4168 et
884 4103 1033 4187 impressi
1055 4125 1305 4175 renascens.

403 4206 475 4270 832.
498 4226 616 4268 risoris
635 4227 827 4270 ur1nocus
843 4229 931 4269 nruc
948 4227 1153 4276 nruourrun
1169 4230 1316 4272 rusum.
1336 4208 1422 4286 Qua·

313 4302 426 4367 dratus
449 4306 582 4390 linquit,
605 4304 676 4368 Itali
699 4312 730 4369 et
751 4305 898 4390 impressi
920 4329 1152 4378 uruousrun.
1177 4309 1234 4375 sed
1257 4316 1421 4394 praeterea

313 4404 518 4470 scribendum
541 4428 623 4470 nro.

401 4513 473 4575 833.
499 4508 616 4573 Coros
639 4530 700 4571 uer
721 4530 740 4570 a
762 4530 782 4570 a
805 4530 964 4574 sacroue
986 4534 1093 4577 noer.
1111 4514 1253 4579 Alterum
1270 4536 1288 4577 s
1304 4513 1421 4578 delevit

313 4614 476 4673 corrector
498 4609 649 4692 oblongi.

402 4715 475 4779 836.
504 4734 636 4777 rrxssr
662 4734 884 4785 recessus.
912 4715 1028 4780 Festus
1055 4720 1208 4799 pluas
1236 4715 1364 4782 Nictare
1392 4731 1420 4782 er
