3509 5442
857 555 905 620 111
1372 562 1435 631 165

317 723 414 810 (993)
445 723 572 808 scripsit
598 726 652 789 Est
679 725 743 790 oleo
773 728 860 813 aean·
882 729 976 791 cestus
1004 728 1121 792 debebit
1149 728 1338 794 Arachnes:
1359 750 1432 795 nam

318 825 420 890 huius
436 824 523 890 modi
538 825 670 889 delicias
684 825 972 891 Alexandrinorum
995 828 1027 892 in
1047 829 1157 911 poesin
1174 829 1318 894 lustinum
1340 832 1436 914 primi

317 927 513 992 invexerunt
534 927 581 990 illi
604 946 684 1007 quos
708 927 818 991 Oicero
845 929 921 992 dicit
943 945 1084 994 cantores
1107 933 1320 1017 Euphorionis
1341 932 1433 1016 (νεω-

317 1028 441 1112 τέρους
462 1030 603 1112 appellat
623 1026 707 1092 idem
730 1028 772 1092 ad
786 1029 924 1094 Atticum
947 1033 1153 1114 epistularum
1168 1033 1345 1110 v11,2,ubi
1368 1035 1432 1116 sig-

318 1130 431 1195 nificat
461 1149 517 1195 cos
544 1148 694 1195 versuum
715 1131 857 1195 mollium
885 1138 916 1196 et
937 1133 1101 1198 doctorum
1124 1131 1304 1197 strdiosos:
1325 1135 1433 1201 Fleuit

319 1235 360 1296 ab
373 1235 491 1320 Eprio,
503 1229 605 1313 inquit
612 1281 620 1312 ,
634 1232 812 1297 lenissimus
824 1233 1052 1299 Onchesmites.
1071 1237 1150 1299 hunc
1166 1230 1432 1312 σπονδειάζοντα

319 1337 353 1398 si
373 1337 433 1398 cai
443 1335 526 1398 coles
540 1333 606 1397 τῶν
621 1331 789 1417 νεωτέρων
806 1359 868 1420 pro
891 1349 943 1399 tao
958 1337 1118 1417 vendita),
1135 1336 1238 1401 Cinna
1259 1343 1290 1401 et
1305 1337 1430 1418 Gallus,
1478 1378 1482 1385 -

319 1435 384 1500 nisi
407 1434 521 1511 fallor,
538 1439 568 1498 et
583 1433 681 1497 multo
696 1435 799 1516 magis
821 1440 934 1517 postea
956 1437 1095 1501 scholica
1110 1437 1244 1519 Vergilii
1266 1445 1297 1502 et
1312 1445 1431 1504 cetero·

319 1557 392 1600 nrm
419 1541 562 1601 veterum
587 1539 751 1617 poetarum
780 1536 983 1601 recordatio.
1005 1559 1024 1602 a
1051 1538 1150 1602 Statio
1177 1537 1290 1603 alcedo
1316 1539 1432 1605 dicitur

320 1640 467 1726 Alcyone
494 1636 527 1700 in
548 1635 731 1702 Thebaidos
745 1661 789 1715 rx,
802 1642 885 1707 361:
908 1639 1112 1721 Vergilianas
1135 1640 1272 1704 castitati
1294 1661 1358 1704 non
1380 1661 1432 1706 sa-

321 1740 364 1804 tis
386 1738 536 1804 convenit
558 1735 643 1819 quod
666 1739 767 1803 estin
790 1739 965 1821 georgicon
980 1764 1025 1817 111,
1037 1746 1098 1809 338
1122 1743 1295 1827 Litoraque
1316 1743 1430 1828 Alcyo-

320 1867 383 1907 nen
406 1854 578 1931 resonant,
599 1837 656 1904 sed
683 1841 789 1923 potius
818 1844 978 1929 alcyonem
996 1892 1003 1919 ,
1023 1847 1058 1905 ut
1078 1841 1112 1905 in
1134 1841 1308 1922 georgicon
1329 1866 1350 1921 1,
1366 1848 1430 1911 399

321 1945 469 2008 Dilectae
493 1942 619 2006 lhett'dt'
637 1943 802 2029 alcyoneo.
819 1941 859 2007 de
883 1942 951 2007 Silii
973 1962 1067 2008 versu
1082 1966 1147 2020 xrv,
1158 1947 1220 2010 275
1235 1963 1300 2007 non
1322 1943 1430 2026 dispu-

321 2047 421 2124 tabo,
440 2045 475 2108 in
503 2064 565 2126 quo
592 2042 742 2126 scriptum
772 2050 820 2108 est
843 2045 919 2110 Cant
948 2060 1038 2109 sottat
1059 2046 1240 2130 Halcyones
1268 2059 1381 2110 caieta:
1396 2045 1430 2109 in

321 2146 446 2212 Valerii
460 2145 567 2210 Flacci
581 2151 678 2224 1v,4o
701 2150 774 2209 ante
788 2146 955 2211 Heinsium
969 2148 1110 2231 cleponis
1124 2144 1431 2232 miseraefetarnqne

323 2251 505 2334 laremque.
525 2247 605 2312 mire
628 2247 751 2311 Seneca
776 2246 809 2310 in
835 2248 1076 2327 Agamemnone
1097 2254 1160 2317 680
1188 2250 1259 2313 licet
1285 2250 1429 2335 alcyones

323 2352 427 2438 Ceyca
445 2374 589 2414 euun-
601 2336 726 2413 eoueut.
743 2347 800 2411 sed
822 2349 944 2413 leniora
966 2355 1039 2413 sunt
1061 2370 1142 2432 quae
1157 2350 1302 2433 pluribus
1323 2349 1430 2416 verbis

321 2452 488 2518 historiam
503 2448 711 2527 adumbrant,
726 2448 808 2512 utin
822 2473 854 2512 ιν
869 2451 1043 2533 georgicon
1061 2455 1100 2520 15
1121 2477 1321 2539 meropesque
1333 2453 1430 2517 aliae-

322 2578 382 2640 que
406 2553 570 2633 volucres,
590 2552 633 2615 Et
660 2553 804 2615 manchus
827 2552 949 2617 Procne
974 2566 1083 2639 pectas
1115 2555 1242 2638 siqnata
1268 2557 1429 2620 cruentis:
1533 2568 1535 2572 ’

322 2653 456 2732 dumus,
473 2653 559 2734 quod
580 2647 786 2716 Marklandus
808 2653 955 2731 volebat,
978 2655 1112 2718 aaouhe
1135 2658 1271 2719 maeatis
1293 2656 1361 2720 sine
1381 2656 1430 2719 in-

322 2755 408 2820 dicio
435 2753 510 2819 facti
529 2803 536 2817 .
557 2760 590 2819 at
612 2753 745 2820 Ovidius
773 2751 984 2819 audacissime
1010 2755 1044 2818 in
1065 2778 1098 2818 1v
1126 2775 1168 2820 ex
1192 2757 1293 2820 Ponto
1319 2760 1367 2833 10,
1386 2761 1429 2824 55

323 2859 448 2943 Quique
478 2856 560 2922 duas
582 2871 683 2921 terras
700 2906 708 2938 ,
727 2857 840 2920 Asiam
866 2856 1039 2942 Cadmique
1065 2881 1224 2938 sororem,
1244 2856 1380 2942 Separat
1402 2870 1430 2922 et

322 2984 437 3024 eureus
460 2960 541 3022 iuter
556 2973 721 3043 utrunque
732 2959 841 3043 facit.
858 2957 919 3020 hoc
941 2976 982 3020 ne
997 2957 1116 3022 Statius
1132 2956 1259 3038 quidem
1282 2963 1428 3040 superat,

323 3081 395 3125 cum
424 3058 576 3124 describit
602 3058 772 3123 Herculem
800 3059 981 3142 Confectum
1011 3060 1123 3122 thiasis
1151 3073 1179 3123 et
1204 3059 1301 3122 auito
1317 3059 1429 3144 fratre

321 3162 518 3240 madentem,
534 3160 682 3224 silvarum
698 3181 743 3236 ur,
757 3163 784 3236 1,
797 3163 837 3225 41
853 3207 860 3221 .
876 3164 1002 3241 praeter
1017 3160 1171 3224 Serenum
1194 3164 1298 3223 autem
1320 3161 1429 3224 Dona-

322 3270 373 3329 tus
403 3263 446 3326 ad
467 3260 656 3326 Eunuchum
670 3283 713 3338 m,
726 3266 756 3338 3,
769 3265 808 3327 21
838 3281 878 3325 ex
905 3261 956 3327 his
982 3261 1120 3326 Lucretii
1147 3260 1293 3326 versibus
1324 3260 1430 3326 hausit

321 3390 462 3430 araneae
483 3367 596 3430 nietam
617 3377 748 3428 uestem.

409 3471 483 3534 385.
508 3487 646 3530 suenus
670 3486 809 3528 curun.
827 3467 942 3553 capud
958 3467 1117 3548 oblongus
1131 3489 1177 3543 111,
1194 3471 1274 3545 138,
1292 3465 1430 3547 quadra·-

321 3576 374 3634 tus
390 3592 424 3650 11,
441 3572 524 3636 1164
538 3591 585 3646 111,
599 3571 658 3634 141
675 3571 738 3635 654
753 3589 784 3646 r,
798 3572 858 3636 85.

411 3675 485 3739 386.
506 3690 725 3739 pannosam:
747 3690 947 3734 versuris.
964 3670 1056 3734 Hune
1077 3689 1203 3734 versum
1226 3668 1345 3733 Paulus
1367 3674 1429 3731 ret-

319 3773 394 3837 tulit
415 3771 450 3836 in
465 3772 579 3837 librum
602 3791 642 3836 ex
655 3773 749 3836 Festo
765 3792 820 3832 x1v
835 3791 865 3853 p.
882 3775 941 3837 119
961 3768 1109 3834 editionis
1123 3768 1354 3834 Lindemanni.
1371 3768 1429 3832 sed

321 3874 461 3939 eundem
476 3875 728 3940 Lindemannum
750 3870 813 3935 huc
834 3871 951 3936 referre
974 3872 1070 3936 miror
1092 3889 1174 3952 quae
1196 3870 1292 3934 habet
1306 3870 1429 3935 Probus

320 3998 352 4060 p.
368 3982 478 4045 1450.
500 3975 620 4042 subieci
642 3995 705 4052 ea,
728 3979 763 4037 ut
785 3994 804 4037 a
826 3971 1021 4037 doctioribus
1048 3971 1151 4036 excuti
1177 3977 1332 4055 possent:
1356 3977 1429 4036 sunt

321 4085 431 4142 autem
446 4077 540 4142 huius
560 4076 667 4140 modi.
684 4077 730 4139 Po
746 4075 870 4161 syllaba
891 4077 1058 4139 terminata
1071 4074 1290 4160 producantur
1301 4098 1312 4155 ,·
1325 4098 1428 4159 cappo

320 4183 491 4267 cappanis.
504 4178 627 4259 animal
640 4191 684 4241 est
699 4177 825 4257 colaris,
838 4175 924 4260 qnod
935 4177 1028 4262 culpo
1044 4179 1167 4240 animas
1182 4189 1304 4239 cocum.
1318 4176 1428 4240 lectum

321 4296 367 4348 est
382 4282 473 4368 apud
485 4282 668 4346 lntcreteitm
683 4279 738 4341 hos
752 4300 930 4361 suppones.
947 4276 1023 4340 mihi
1039 4296 1133 4358 quam
1147 4281 1232 4340 reete
1246 4277 1429 4358 grammati·

321 4403 380 4448 cus
406 4407 565 4471 suppones
591 4379 739 4444 Lucretio
771 4377 975 4461 adscripserit
1001 4399 1066 4442 non
1089 4377 1213 4461 liquet,
1238 4378 1428 4443 Franciscus

320 4486 436 4549 Dousa
457 4483 539 4547 inter
559 4480 727 4546 Luciliana
748 4498 788 4543 ex
809 4478 900 4544 libris
921 4480 1049 4544 incertis
1072 4478 1178 4563 posuit
1198 4498 1328 4543 numero
1348 4482 1427 4547 161:

321 4589 449 4651 animm
461 4590 566 4650 autem
580 4635 587 4663 ,
604 4603 684 4666 quas
701 4583 738 4648 0.
749 4582 880 4646 Iahnius
891 4580 1001 4665 ψυχὰς
1015 4581 1082 4646 sive
1095 4576 1265 4668 φαλαίνας
1275 4599 1347 4645 esse
1358 4598 1428 4644 sus-

319 4686 446 4771 picatur
467 4685 735 4777 (archdolopn‘schs
749 4686 888 4772 beitrage
901 4705 933 4772 p.
947 4683 1043 4769 137),
1058 4675 1151 4749 aliter
1171 4681 1267 4754 scribi
1286 4678 1379 4750 video
1394 4678 1430 4749 in
