3509 5442
861 530 906 598 IV
1368 544 1431 611 231

315 721 458 785 prorsus
490 706 679 785 argumento
713 701 937 768 subnituntur.
963 705 1097 771 Videtur
1129 713 1236 774 autem
1263 712 1437 793 praestrin-

318 824 401 886 gere
425 805 668 890 Pythagoreos,
688 804 780 886 quasi
803 804 926 871 scilicet
950 805 1032 872 hanc
1053 808 1282 892 Epicureorum
1306 812 1437 877 solutio·

320 927 399 973 nom
423 907 535 973 sannis
550 905 750 989 exceperint,
767 906 912 987 quamuis
933 908 995 991 ipsi
1017 929 1128 993 parem
1143 910 1231 977 vistis
1253 917 1337 978 retro
1361 933 1437 979 con·

319 1009 506 1074 versionem
528 1007 706 1072 finxerint?
727 1007 808 1073 haec
829 1007 902 1073 ideo
931 1029 970 1074 ex
992 1010 1091 1076 vastis
1115 1011 1180 1077 illis
1202 1014 1436 1080 commentariis

268 1104 272 1114 '
322 1110 529 1195 excerpenda
549 1108 646 1188 duxi,
667 1114 703 1174 ut
728 1109 864 1176 lectores
892 1112 1036 1178 viderent
1064 1134 1160 1196 quam
1187 1120 1272 1180 recto
1300 1116 1434 1182 consilio

321 1214 480 1298 pleraque
501 1210 691 1276 Wakefieldi
720 1211 929 1277 deliramenta
955 1234 996 1280 ne
1022 1216 1119 1281 verbo
1147 1215 1276 1299 quidem
1299 1237 1435 1282 comme-

322 1313 557 1379 moravissem.

411 1418 485 1483 271.
505 1413 614 1492 ,Quos
641 1436 759 1479 onnus
782 1436 887 1500 mas,
909 1438 1015 1481 ronrs
1038 1441 1111 1491 Qun
1139 1442 1233 1485 vana
1263 1442 1434 1485 raanan·

323 1540 509 1583 orusrun.
539 1520 612 1585 277.
635 1514 732 1580 Posr
757 1538 944 1582 nxrnarua
971 1541 1045 1585 nux
1074 1543 1216 1586 oounos
1245 1543 1433 1587 rnnrnoar

322 1642 366 1683 nn
389 1641 463 1683 aaa
481 1620 629 1698 Acran,
644 1641 689 1682 nr
712 1639 940 1701 runs,ron1s
964 1643 1037 1691 cun
1061 1646 1154 1687 vanu
1172 1647 1434 1690 rarusnrorus-

323 1745 419 1787 run.
448 1721 490 1785 Hi
517 1741 649 1801 versus,
673 1720 728 1804 qui
753 1719 980 1804 interpretibus
1007 1722 1149 1788 facillimi
1175 1724 1344 1805 videntur,
1369 1747 1435 1791 una

323 1821 550 1890 considerandi
571 1828 664 1888 sunt.
687 1813 822 1906 primum
850 1820 884 1884 in
907 1821 957 1887 his
980 1849 1050 1890 aare
1076 1847 1140 1890 non
1162 1827 1257 1892 modo
1280 1847 1434 1910 superva-

323 1945 461 1991 caneum
483 1931 551 2006 est,
568 1925 625 1991 sed
647 1929 734 1990 caret
748 1942 865 1989 sensu.
883 1922 999 1988 deinde
1020 1946 1125 2008 neque
1148 1929 1233 2014 qaod
1251 1953 1352 2016 pecus
1373 1931 1434 1995 illa

322 2029 369 2093 ita
390 2027 537 2111 intellegi
558 2031 663 2113 potest
687 2031 722 2090 ut
743 2023 901 2090 addamus
921 2027 1007 2092 uitro
1029 2032 1189 2116 maculam
1210 2030 1356 2096 videatur
1379 2035 1434 2096 aut

319 2133 451 2216 penitas
479 2144 597 2196 semota
624 2129 749 2214 mercii
773 2152 906 2214 aequore
928 2128 1093 2213 videatur,
1135 2131 1222 2195 ualia
1247 2135 1353 2195 mente
1376 2129 1433 2195 ad·

322 2232 434 2299 denda
448 2230 541 2298 docui
562 2229 605 2296 ad
618 2229 732 2295 librum
748 2234 877 2310 11,194:
894 2248 998 2313 neque
1019 2230 1076 2295 illa
1092 2253 1174 2315 quae
1196 2232 1273 2298 foris
1295 2232 1432 2316 transpi-

322 2335 469 2414 oiuntur‚
486 2334 541 2399 sed
562 2335 619 2398 lux
641 2339 672 2399 et
693 2339 959 2418 asportor-paor
974 2333 1085 2398 oculos
1109 2333 1171 2419 (sio
1193 2335 1277 2400 enim
1293 2336 1432 2402 scriben-

321 2436 401 2500 dum
431 2455 503 2501 esse
531 2435 597 2500 dixi
624 2433 666 2500 ad
687 2453 813 2499 versum
828 2432 927 2518 249),
948 2432 1005 2497 illa
1026 2440 1131 2500 autem
1157 2436 1229 2520 ipsa
1251 2456 1334 2520 quac
1355 2437 1432 2502 foris

321 2543 399 2603 sunt
412 2537 678 2623 transpiciuntur.
695 2553 778 2619 quae
801 2553 872 2598 cum
898 2533 943 2598 ita
957 2535 1039 2615 sint,
1057 2538 1233 2604 certissima
1254 2558 1308 2604 res
1330 2543 1379 2603 est
1399 2538 1433 2602 in

320 2644 436 2704 neutro
458 2639 599 2705 membro
615 2639 866 2725 transplantetur
888 2637 1055 2703 arelativo
1071 2658 1260 2723 suspensum
1284 2659 1356 2705 esse
1377 2639 1433 2705 de·

320 2741 421 2807 bere:
441 2741 547 2824 itaque
576 2740 631 2806 ubi
652 2765 733 2827 quoe
754 2763 824 2804 vere
845 2736 983 2820 legitur,
1005 2739 1039 2802 in
1060 2744 1196 2822 utroque
1219 2759 1316 2807 versu
1337 2740 1433 2806 debet
1522 2758 1525 2765 ·

321 2862 398 2908 esse
417 2868 499 2930 qaae
513 2857 605 2908 suat.
620 2842 792 2906 formemus
808 2859 885 2922 ergo
900 2839 1062 2906 lenissime
1077 2841 1143 2927 sic,
1159 2843 1219 2908 ilio
1228 2893 1237 2927 ,
1243 2844 1336 2930 foris
1350 2868 1432 2930 quaa

322 2966 415 3009 suun
427 2994 436 3028 ,
451 2966 542 3008 nasu
570 2945 847 3030 transpiciantur.
868 2960 942 3005 narn
964 2968 1035 3008 aare
1056 2941 1172 3007 facum
1200 2950 1249 3009 est
1273 2964 1314 3010 cx
1336 2970 1430 3028 cene,

322 3046 412 3130 quod
433 3046 550 3112 habent
571 3044 644 3108 libri
665 3043 698 3108 in
712 3067 759 3125 111,
775 3048 854 3113 1071
871 3045 991 3122 rubi?
1005 3048 1087 3112 1129
1102 3066 1133 3123 u,
1146 3048 1187 3113 82
1201 3093 1208 3108 .

409 3151 483 3217 275.
506 3168 614 3212 omna
637 3168 772 3210 rossus
796 3168 868 3210 rum
891 3167 1097 3210 caninius.
1121 3145 1175 3211 sic
1200 3146 1297 3230 plane
1319 3148 1431 3213 oblon-

321 3270 404 3334 gus:
422 3250 596 3331 quadratus
611 3253 692 3316 citro
707 3263 783 3336 post
798 3263 936 3314 warum.
952 3248 1109 3313 Antonius
1130 3247 1222 3313 Marii
1243 3253 1274 3313 et
1287 3249 1431 3315 Brixien-

322 3352 369 3418 sis
392 3351 489 3418 editio
511 3378 581 3418 eam
604 3354 762 3434 cernitur,
777 3349 972 3417 Veronensis
995 3375 1069 3436 qam
1088 3353 1249 3416 cernitur.

410 3458 483 3524 283·
507 3477 572 3518 SED
595 3476 658 3518 UBI
675 3474 910 3516 INSPECULUM
934 3474 1083 3524 QUOQUE
1099 3474 1275 3517 snnsmus
1298 3476 1429 3518 Ipsum.

320 3556 478 3622 Marullus
504 3559 563 3624 ubi
581 3578 791 3624 soncunun.
812 3553 924 3620 eodem
951 3554 1047 3619 modo
1074 3554 1107 3618 in
1128 3556 1304 3620 Mercatore
1325 3556 1431 3620 Plauti

320 3682 368 3738 111,
380 3663 445 3738 2,4
467 3658 618 3744 scriptum
639 3663 688 3725 est
709 3660 851 3723 Decurso
873 3658 1011 3742 raspatio
1034 3658 1123 3722 breve
1145 3656 1233 3741 qaod
1253 3660 1335 3722 vitae
1356 3658 1430 3722 reii-

321 3773 465 3848 qiiomct.
482 3761 646 3828 Charisius
668 3782 699 3845 p.
718 3764 776 3828 181
801 3777 819 3822 θ
840 3757 954 3822 Plauto
977 3760 1062 3823 iccata
1085 3759 1181 3822 iiico.
1201 3756 1288 3840 apud
1303 3757 1431 3823 Cicero-

320 3881 395 3926 nem
409 3863 443 3926 in
454 3865 548 3928 Tusc.
563 3885 597 3943 11,
609 3869 650 3932 36
666 3863 789 3927 Militia
804 3860 943 3926 instadio
959 3872 1022 3924 est.
1037 3857 1071 3921 in
1082 3857 1269 3942 apocalypsi
1279 3858 1430 3924 Iohannis

320 3988 374 4048 xx,
390 3969 432 4032 14
446 3979 491 4030 ast
504 3968 705 4052 abstopriam.
722 3961 808 4046 apud
826 3960 1006 4044 Agennium
1021 3958 1173 4025 Urbicum
1191 3958 1231 4024 de
1248 3965 1432 4026 controver-

320 4068 378 4133 siis
387 4087 538 4149 agrorum
549 4072 638 4150 psl,
647 4070 685 4133 12
698 4080 732 4130 ut
740 4065 874 4130 Instoioi
881 4065 1063 4129 decernunt.
1077 4061 1184 4127 Cicero
1196 4064 1359 4148 inscripsit
1371 4081 1430 4146 pro

319 4163 1093 4256 scripsitinscholiisBobiensibusinPlancianam
1103 4184 1133 4248 p.
1141 4167 1263 4242 268,22
1273 4161 1332 4229 Or.
1344 4163 1432 4247 apud

320 4268 501 4336 Charisium
516 4291 546 4353 p.
560 4276 601 4339 85
617 4296 656 4336 ea
666 4270 893 4335 Hicsibailinis
910 4269 1021 4333 tibris.
1037 4266 1070 4330 in
1082 4265 1245 4332 Ciceronis
1261 4266 1301 4330 de
1316 4265 1432 4333 finibus

319 4371 402 4438 libro
414 4394 462 4451 111,
468 4377 509 4441 36
521 4375 658 4439 macriora
669 4371 965 4453 amabilissimus,
979 4370 1038 4455 qai
1046 4370 1129 4434 attii
1139 4368 1232 4434 aliud
1241 4370 1276 4434 in
1284 4370 1434 4433 bonoram

318 4499 451 4540 numero
462 4477 530 4540 arbi
541 4476 702 4540 Maestum
716 4497 781 4539 asse
793 4474 977 4538 coluerunt.
992 4472 1027 4536 ia
1042 4471 1218 4557 iiscarifo,
1236 4468 1323 4553 quod
1337 4466 1430 4533 estin

318 4575 505 4661 gromaticis
519 4596 551 4661 p.
562 4578 670 4654 244,4
684 4580 716 4652 et
727 4581 768 4660 8,
788 4571 1033 4639 commemoravi
1052 4570 1095 4635 ad
1111 4571 1361 4650 Gaium1‚190‚
1377 4567 1432 4632 ubi
1474 4607 1477 4613 -

319 4677 474 4764 seriptum
496 4681 545 4746 est
564 4677 669 4764 anapia
690 4677 867 4766 bispecioso
877 4724 887 4761 ,
903 4689 932 4743 et
952 4677 1092 4742 oscam
1113 4671 1156 4740 ad
1170 4671 1341 4760 Ulpianum
1357 4690 1391 4749 11,
1402 4673 1431 4736 7.
