3509 5442
871 558 900 621 v
950 543 953 551 '
1373 567 1437 632 ero

417 728 470 793 51.
493 746 640 790 numano
663 746 802 790 o1v0n.
824 729 945 792 Dicam
974 754 1102 794 roamero
1135 731 1223 814 apud
1244 731 1442 797 Lactantium

321 825 400 890 inst.
417 849 465 904 m,
479 830 529 910 14,
543 831 583 894 4.

414 933 467 996 53.
489 929 799 993 Innuosrsrrsus
815 951 834 992 a
854 952 956 993 u1V1s
971 979 978 994 .
997 931 1179 1009 Quadratus
1194 937 1439 1001 Immortalibus.

324 1029 484 1093 Marullus
505 1029 788 1096 quosrramus
803 1079 810 1094 .
825 1031 939 1097 eodem
962 1034 1057 1098 modo
1080 1043 1244 1118 peecatum
1267 1043 1316 1103 est
1336 1035 1369 1099 in
1390 1059 1437 1115 m,

328 1135 411 1199 775.
427 1153 473 1193 na
496 1131 580 1196 diois
601 1131 797 1197 Lambinus.

413 1237 465 1300 61.
488 1233 565 1297 Nnc
588 1254 701 1297 rossa
722 1239 933 1300 maurusii.
956 1238 1005 1301 lta
1027 1258 1097 1302 oum
1121 1245 1197 1304 nota
1219 1240 1335 1305 erroris
1355 1240 1436 1304 liber

326 1333 540 1417 archetypus:
556 1340 640 1400 certe
653 1333 812 1416 oblongus
827 1341 858 1401 et
874 1337 949 1402 olim
964 1338 1114 1422 impressi
1128 1342 1303 1408 incolumen
1315 1340 1435 1426 (Avan-

326 1433 388 1499 tius
416 1435 632 1520 incolomem),
658 1437 831 1518 quadratus
863 1441 1023 1505 viaculum
1052 1455 1120 1506 ear.
1147 1441 1302 1508 Marullus
1328 1464 1433 1506 mco-

325 1557 456 1601 cuum.

411 1644 464 1706 67.
487 1661 723 1704 conuaassus
751 1662 965 1706 usumin.
992 1643 1062 1707 Itali
1091 1650 1123 1708 et
1148 1642 1297 1727 impressi
1317 1667 1432 1708 usus-

323 1762 423 1804 sm.

412 1848 463 1912 70.
485 1866 529 1906 ar
552 1866 623 1916 Qun
638 1866 777 1908 nocuos
793 1868 829 1909 111
845 1869 1014 1910 raucone
1029 1868 1143 1910 111111.
1160 1847 1329 1912 corrector
1351 1866 1430 1928 qua·

321 1943 406 2008 (irati
430 1949 462 2009 et
483 1947 580 2011 ceteri
600 1948 688 2012 mallo
711 1969 812 2011 slas.

410 2051 461 2113 71.
485 2047 618 2124 Quove
640 2070 762 2113 uano.
779 2052 908 2136 Quoque
929 2051 1053 2116 Nonius
1068 2071 1099 2134 p.
1111 2054 1185 2126 415,
1197 2054 1237 2116 31
1255 2097 1262 2111 .
1278 2049 1362 2114 idem
1386 2051 1428 2114 lo-

321 2149 449 2233 quelam
460 2173 472 2212 .·
485 2150 688 2214 membranas
710 2153 854 2237 loquela,
871 2158 906 2216 ut
927 2151 993 2215 dixi
1014 2151 1056 2216 ad
1077 2151 1193 2216 librum
1208 2173 1254 2229 m,
1269 2154 1372 2219 1015.
1398 2186 1400 2190 ·

408 2255 460 2318 85.
482 2272 691 2317 narseum.
723 2252 893 2318 Oomeotor
929 2253 1075 2337 quadrati
1108 2255 1286 2319 aethereis.
1312 2253 1429 2318 rectius

320 2371 521 2415 sarmarum
542 2353 577 2418 in
591 2377 634 2433 v1,
646 2360 686 2424 61
700 2402 708 2417 .
724 2373 830 2437 neque
852 2359 987 2421 aectoris
997 2406 1006 2439 ,
1023 2357 1051 2420 si
1072 2375 1184 2421 versus
1202 2373 1352 2419 mensura
1371 2354 1429 2419 ad-

321 2451 479 2530 mitteret,
499 2475 557 2537 pro
579 2458 727 2521 aetheriis
749 2455 813 2521 diei
835 2463 965 2541 posset3
986 2456 1127 2539 quadiu
1148 2455 1271 2520 Latinis
1292 2477 1357 2520 non
1380 2464 1429 2522 est

320 2553 390 2619 sine
414 2556 580 2638 exemplo.
601 2575 713 2622 versus
734 2557 829 2622 Ennii
850 2564 1015 2624 truncatus
1037 2558 1140 2640 eapite
1162 2561 1212 2622 est
1232 2557 1318 2641 apud
1340 2558 1428 2624 Cice-

319 2676 433 2722 ronem
449 2656 491 2722 de
505 2676 541 2720 re
555 2657 683 2740 publica
697 2682 719 2738 1,
734 2664 773 2727 16
789 2663 881 2724 nouis
895 2662 988 2723 Iaais
1002 2661 1066 2723 soli
1079 2659 1156 2722 lurra
1169 2659 1286 2723 obstitit
1301 2673 1329 2723 et
1343 2684 1426 2725 aaa.

319 2759 453 2823 Plautus
466 2757 501 2821 in
511 2759 725 2824 Menaechmis
734 2783 778 2839 1v‚
787 2764 817 2839 2,
830 2764 871 2827 23
886 2759 986 2845 Apud
996 2760 1112 2826 aedilis
1118 2758 1345 2844 proelisfactis
1353 2762 1426 2845 plu·

319 2863 474 2947 rimisque
481 2863 690 2947 pessimisque
700 2911 707 2926 .
719 2863 752 2927 in
765 2861 884 2928 Casina
895 2883 925 2943 1,
933 2864 963 2938 2,
975 2866 995 2927 2
1011 2862 1083 2928 Soio
1095 2886 1105 2925 .·
1119 2874 1239 2924 tautam
1251 2884 1324 2925 erus
1333 2873 1426 2945 atque

319 2987 374 3048 eqo
380 2963 511 3050 flapitio
523 2967 733 3049 superaoimc'
748 2967 856 3050 captis
867 2965 982 3028 uostris
995 3011 1002 3026 .
1017 2961 1180 3046 'I'nrpilius
1190 2960 1275 3044 apud
1287 2959 1425 3025 Nonium

319 3085 351 3149 p·
366 3069 474 3142 306,3
489 3067 641 3150 Detepere
656 3065 834 3151 despoliare
849 3065 1036 3150 opplereqae
1047 3063 1231 3148 adeofama
1246 3087 1283 3126 aa
1292 3063 1425 3147 stupetis.

318 3146 487 3231 Lueretius
509 3168 645 3251 improlis
656 3215 664 3247 ,
684 3167 834 3231 Lucanus
856 3172 888 3230 et
909 3164 1064 3229 Martialis
1076 3168 1199 3249 proris.
1214 3164 1249 3227 in
1270 3164 1342 3244 lege
1364 3165 1427 3229 Ru·

318 3267 390 3331 bria
404 3289 439 3345 11,
454 3273 493 3336 13
508 3293 548 3332 ea
569 3267 704 3332 iudioeis
719 3269 839 3333 elatem.
854 3267 889 3330 in
910 3265 982 3346 lege
996 3266 1079 3330 Iulia
1092 3265 1276 3349 municipali
1289 3271 1331 3334 68
1346 3269 1427 3331 lueis

318 3371 520 3455 muaiaipieis
532 3368 914 3455 ooloueispraefeetareoir,
926 3372 967 3435 83
976 3369 1125 3452 plarrlms
1135 3369 1371 3454 immunioipiem
1381 3393 1425 3434 ao

319 3472 419 3536 lones
429 3471 680 3557 praefecturam.
699 3468 884 3551 Propertius
898 3468 931 3532 in
946 3491 992 3547 111,
1005 3473 1056 3547 34,
1069 3474 1111 3537 64
1125 3469 1276 3554 Iactaqae
1291 3472 1427 3535 Lavinis

316 3575 443 3638 moenia
464 3573 627 3637 litoribus:
643 3568 803 3652 Vergilius
823 3569 857 3633 in
872 3593 892 3633 v
908 3571 1070 3636 Aeneidos
1083 3575 1146 3639 269
1167 3573 1318 3637 Panioeis
1339 3574 1427 3636 ibam

318 3675 437 3739 11111111
449 3689 588 3759 tempora
610 3676 731 3739 laeuis.
748 3672 872 3737 Seneca
894 3672 928 3736 in
950 3671 1135 3737 Phoenissis
1150 3675 1214 3740 625
1229 3673 1310 3738 Sam
1332 3674 1426 3736 emilis

315 3777 489 3862 praviora.
499 3774 585 3839 idem
599 3774 634 3838 in
644 3773 759 3839 Medea
771 3779 832 3841 743
844 3774 1027 3861 Supplicis,
1043 3777 1167 3845 amimae
1179 3822 1188 3855 ,
1203 3775 1344 3837 remissis
1356 3796 1425 3836 aar·

316 3879 377 3941 rite
390 3877 436 3940 ad
445 3879 598 3941 thalamos
609 3901 716 3959 uaros,
729 3882 761 3939 ct
769 3879 850 3944 1015
862 3878 1048 3960 Moramque
1059 3875 1168 3938 saltem
1176 3874 1332 3958 supplicis
1343 3873 1426 3938 dorsa

316 3982 415 4044 meis.
430 3977 584 4043 Martialis
594 3978 629 4042 in
643 3982 736 4056 1,117
752 3979 894 4042 Denaris
905 3979 965 4042 tibi
973 3979 1111 4062 quiaque
1121 3975 1324 4039 Martialem.
1339 3974 1425 4040 idem

316 4080 351 4144 in
365 4103 410 4164 nu,
428 4085 489 4149 100
503 4082 643 4145 Denaris
654 4082 755 4144 tribas
767 4081 885 4145 invitas
897 4128 906 4161 ,
923 4080 1064 4143 Denaris
1079 4091 1182 4141 tamea
1192 4077 1273 4140 lamo
1288 4102 1350 4141 moa
1361 4102 1426 4143 emo

316 4186 422 4248 Basse
433 4185 533 4247 tribus
545 4230 553 4246 .
569 4179 653 4246 idem
665 4181 699 4245 in
712 4202 756 4260 1v,
765 4184 803 4248 18
817 4180 888 4258 Qua
899 4181 1005 4243 vicima
1014 4180 1099 4264 plait
1117 4179 1265 4262 Vipsanis
1273 4191 1368 4263 porta
1378 4203 1424 4243 ao·

316 4285 435 4348 lamara
448 4331 455 4345 .
470 4281 514 4346 ad
536 4281 597 4347 hoc
617 4283 796 4365 exemplum
817 4285 907 4363 putet
921 4280 1037 4363 aliquis
1059 4284 1184 4345 veteres
1205 4278 1306 4343 tribus
1328 4279 1426 4363 sylla

316 4383 368 4449 bis
391 4382 511 4448 dixisse
526 4387 675 4449 aoriobi's:
690 4383 748 4450 sed
768 4383 802 4447 in
819 4382 1056 4465 exemplaribus
1078 4380 1196 4446 nostris
1211 4380 1329 4462 ubique
1344 4382 1426 4461 131-

315 4486 440 4550 minum
455 4491 523 4564 est,
540 4490 573 4550 et
587 4484 784 4566 grammatici
799 4487 941 4549 oooabiis
956 4503 1013 4567 per
1029 4483 1171 4567 systolen
1186 4480 1291 4546 efferri
1305 4481 1424 4560 volunt,

317 4587 409 4654 auius
432 4587 569 4670 systoles
590 4588 792 4670 exemplum,
814 4583 1051 4667 quodquidam
1078 4590 1198 4650 eertum
1220 4583 1280 4662 sit,
1296 4579 1424 4646 invenio

316 4688 461 4754 nullum.
484 4689 546 4754 hoe
573 4707 701 4772 quoque
722 4685 867 4754 mirabile
890 4691 959 4766 est,
979 4684 1066 4768 quod
1086 4685 1247 4768 Vergilius
1271 4678 1425 4765 gignendi
