3509 5442
858 561 903 627 VI
1292 568 1435 635 ·369

412 737 486 801 360.
515 753 704 803 vnurrcun
732 752 902 796 canonas
928 733 1163 797 Dammana.
1190 733 1344 799 Marullus
1373 757 1434 800 ca-

316 855 442 901 ioan.

415 940 488 1006 362.
519 937 632 1002 launa
654 960 877 1010 uruasoua.
908 939 1198 1011 Iurasuranoun
1217 991 1225 1020 ,
1247 944 1282 1003 ut
1308 937 1374 1002 dixi
1396 937 1434 1002 li-

321 1038 384 1103 bro
408 1061 442 1116 11,
454 1042 537 1108 617.

331 1177 338 1186 ·
412 1146 485 1209 364.
507 1164 714 1207 PERMISOET
728 1165 864 1208 namus
881 1165 1044 1207 unsrun.
1060 1141 1155 1227 Apud
1166 1143 1304 1208 Nonium
1318 1147 1430 1227 paon,

323 1246 367 1311 26
380 1244 499 1330 frepus
521 1245 567 1309 ad
585 1259 724 1311 certam
744 1269 786 1309 nr
809 1260 929 1312 aestum
950 1245 1129 1311 Marullus.

413 1351 486 1414 365.
509 1345 673 1424 Quocum
696 1370 899 1419 urnuuoua
923 1369 1014 1411 opus
1036 1370 1102 1411 nsr
1125 1369 1365 1412 resarciunt
1386 1369 1433 1410 aa

324 1469 491 1512 rucuma
519 1469 650 1512 roms.
673 1449 734 1516 Hic
755 1451 909 1515 Marullus
938 1471 1003 1516 non
1031 1451 1109 1516 satis
1139 1450 1299 1516 attendit:
1325 1449 1434 1531 itaque

325 1550 423 1616 ceteri
452 1570 487 1615 se
512 1550 692 1615 Lucretium
718 1551 956 1618 fulminatorem
983 1554 1035 1618 vel
1062 1553 1234 1637 Cyclopem
1260 1552 1367 1618 facere
1394 1569 1435 1618 ne

324 1653 618 1719 animadverterunt
638 1652 786 1736 quidem.
810 1659 905 1738 po'e‘ta
928 1654 1053 1738 scripsit
1074 1679 1152 1742 opus
1175 1671 1219 1720 est
1231 1651 1435 1741 fabricando

325 1755 371 1820 od
382 1756 531 1842 fulmina
546 1778 650 1819 munit.
667 1774 739 1819 nam
755 1755 804 1821 his
819 1757 920 1822 tribus
936 1777 1016 1840 opus
1032 1763 1100 1836 est,
1116 1759 1202 1821 Hinc
1214 1757 1377 1843 stammas,
1394 1756 1432 1819 il-

325 1859 391 1922 laice
414 1860 513 1924 cecctr'c
524 1908 532 1941 ,
549 1877 719 1944 umoreque
740 1861 862 1924 misto.
886 1858 1035 1924 Manilius
1056 1859 1089 1922 in
1110 1882 1131 1938 1,
1144 1863 1207 1928 853
1229 1858 1310 1923 Sunt
1331 1870 1434 1922 catera

325 1963 448 2025 cunctis
470 1962 628 2047 permeata
643 1963 793 2047 partebus
815 1964 931 2049 ipses,
956 1962 1022 2040 Qac'
1037 1962 1194 2048 pravidos
1216 1959 1359 2025 habitarat
1373 1960 1433 2045 fa-

325 2063 485 2127 brc‘ccatcs
497 2064 645 2149 fulmina
667 2065 778 2129 aedeis.

415 2170 488 2234 366.
511 2164 563 2231 ΠΤ
585 2187 790 2230 mesonma
811 2188 955 2230 annum.
978 2166 1133 2230 Marullus
1152 2186 1207 2228 sm
1228 2188 1353 2228 reram.
1370 2163 1435 2226 An·

324 2258 434 2332 tonius
455 2265 547 2331 Marii
568 2270 637 2332 aab.
1008 2281 1010 2287 '

414 2373 487 2438 368.
510 2371 629 2434 Pauca
653 2391 809 2434 canorus
833 2393 925 2434 auru
952 2393 1042 2434 nans
1070 2392 1135 2433 usn
1163 2387 1359 2433 noscamur
1381 2388 1434 2428 cr-

327 2472 640 2537 e0n1s:'l*nu1>us
662 2496 701 2536 11)
724 2495 788 2536 asa
816 2495 993 2536 vanuum.
1021 2474 1175 2559 Liquores
1201 2475 1360 2536 corrector
1380 2469 1436 2533 ob·

326 2574 438 2656 longi.
455 2575 584 2657 egregie
598 2575 752 2640 Marullus
774 2597 945 2639 moerus.
962 2575 1020 2640 scd
1041 2574 1126 2639 idem
1147 2593 1213 2637 non
1226 2573 1309 2636 bene
1324 2571 1437 2635 Prima

326 2715 371 2724 -
394 2692 422 2743 et
439 2690 600 2763 postrema
620 2716 661 2724 —
688 2680 822 2764 Tempus
844 2678 933 2742 adest
955 2700 1103 2741 vernam.
1122 2673 1297 2737 Lambinus
1318 2670 1437 2736 rectius

327 2781 445 2845 Primo
457 2817 500 2825 —
515 2793 543 2844 ct
554 2795 712 2865 postrema
722 2818 779 2863 —,
798 2781 932 2865 Tempus
946 2778 984 2843 id
997 2791 1041 2842 cst
1056 2801 1204 2841 verrium.
1220 2771 1279 2838 sed
1292 2771 1438 2855 proxima

327 2902 395 2946 non
417 2881 625 2960 conveniunt,
641 2883 696 2948 ubi
711 2882 872 2964 quaeritur
895 2899 993 2962 quare
1015 2879 1102 2943 calor
1124 2882 1155 2943 et
1177 2876 1276 2958 frigus
1298 2874 1379 2938 inter
1402 2891 1437 2937 se

328 2989 492 3066 pugnent:
508 2983 542 3046 id
564 2985 647 3049 enim
669 3005 735 3049 non
757 2984 791 3048 fit
813 2984 889 3066 quia
910 2986 1050 3058 verast,
1067 2979 1127 3045 sed
1142 2979 1218 3063 quia
1232 2979 1346 3042 Prima
1357 3000 1437 3062 pars

329 3087 448 3150 caloris
470 3099 514 3150 cst
529 3099 691 3170 postrema
713 3088 852 3173 riqorci,
871 3086 1005 3168 Tempus
1028 3103 1072 3144 ur
1095 3095 1139 3146 est
1156 3105 1304 3160 cerream,
1320 3068 1437 3156 idest,

330 3186 426 3268 quale
448 3194 578 3252 vernum
601 3192 725 3270 tempus
741 3192 808 3253 est.
824 3184 869 3249 ita
883 3185 917 3249 in
932 3207 965 3268 11,
977 3188 1041 3252 466
1055 3182 1161 3250 Sudor
1183 3185 1233 3246 cti
1250 3180 1351 3245 morio
1373 3192 1436 3244 cot.

329 3290 364 3353 in
386 3311 433 3367 111,
445 3294 508 3359 809
531 3304 565 3354 at
585 3291 736 3354 materiai
755 3288 897 3373 Corpora
918 3300 1014 3351 sarit.
1037 3284 1120 3348 infra
1142 3288 1223 3352 1167
1252 3297 1287 3347 at
1316 3295 1360 3348 est
1378 3305 1439 3368 per

329 3393 470 3457 membra
491 3415 580 3456 sacer
602 3392 676 3456 dam
699 3390 822 3454 diditur
843 3391 949 3475 ipsis.

417 3498 490 3561 370.
513 3515 624 3555 mres
646 3514 706 3554 sn.
729 3492 765 3554 In
784 3490 948 3574 impressis
964 3496 1050 3555 recte
1065 3488 1207 3553 additum
1223 3510 1310 3552 aas.
1331 3487 1363 3550 in
1384 3485 1440 3550 cb·

331 3598 431 3678 longo
454 3613 524 3660 esse
547 3620 612 3660 ecce
633 3592 834 3659 mendacium
857 3599 908 3658 est
929 3591 1159 3675 Havercampi.

420 3702 492 3766 373.
515 3697 707 3762 Vovirua.
732 3694 898 3761 Currector
920 3692 1051 3774 oblongi
1072 3693 1288 3757 Vocvrrua.

419 3804 493 3867 374.
508 3799 733 3863 Pnorraana
746 3818 839 3860 suun
851 3816 946 3859 nanc
958 3817 1048 3857 auur
1059 3807 1316 3856 uoururrnunn
1330 3840 1337 3855 .
1350 3792 1441 3858 Haec

332 3903 437 3988 prima
451 3920 548 3964 manu
562 3900 701 3981 oblongo
717 3897 816 3963 afuit.
835 3897 907 3962 Itali
928 3911 1000 3962 caat
1020 3893 1095 3962 laec
1115 3896 1196 3962 bella
1216 3897 1297 3958 caci
1307 3895 1440 3960 ammini-

333 4003 434 4069 rcada
445 4027 456 4085 ,·
478 4001 564 4084 quod
586 4001 682 4066 ceteri
703 4000 744 4065 ab
766 3999 806 4064 iis
828 3998 1006 4082 accipiunt,
1026 4015 1086 4060 nec
1100 3994 1208 4061 vident
1225 3994 1279 4080 id,
1299 4002 1334 4061 ut
1354 3994 1443 4062 credi

318 4105 456 4191 possit,
472 4104 606 4168 aliorum
623 4103 809 4186 scriptorum
830 4101 1012 4166 testimonio
1034 4096 1221 4163 firmandum
1243 4117 1334 4163 esse.
1353 4097 1449 4162 Italis·

333 4212 448 4293 parata
470 4203 563 4271 venia
584 4210 652 4284 est,
669 4203 783 4271 ceteris
798 4208 911 4286 turpe,
929 4202 1015 4283 quod
1036 4220 1101 4264 non
1121 4198 1346 4270 intellexerunt
1367 4199 1444 4265 scri-

333 4307 476 4374 bendum
492 4324 564 4371 esse
579 4308 752 4392 Propterea
774 4326 890 4367 naara
913 4316 986 4368 caat
1007 4304 1083 4368 haec
1105 4303 1187 4366 onai
1204 4301 1443 4379 materianda,

333 4414 369 4472 ut
392 4412 467 4473 ante
490 4409 574 4472 Nam
586 4409 698 4493 fretas
720 4410 787 4494 ipse
810 4408 891 4470 aaac’
905 4408 1073 4491 permiscet
1083 4405 1200 4490 fripcs
1223 4417 1410 4469 eccesiam.

421 4515 494 4578 376.
517 4510 594 4575 Nnc
618 4530 781 4573 mraumsr
804 4509 840 4571 ru
863 4530 932 4571 nos
956 4528 1153 4571 rampone.
1181 4505 1346 4570 Oorrector
1368 4519 1453 4583 qua·

334 4612 421 4678 drati
443 4615 478 4677 ia
499 4636 533 4677 ec
556 4635 589 4674 s1
611 4626 764 4698 tempore.
785 4611 846 4676 hoc
866 4611 972 4695 ipsum
988 4609 1161 4675 Lambinus
1185 4603 1285 4673 edidit
1305 4602 1445 4687 primus:

1177 4713 1220 4774 24
