3509 5442
415 579 478 645 356
944 563 987 630 Vl

504 744 574 809 116.
598 739 663 802 ΡΜ·
697 756 846 808 ouoouu
880 755 968 796 nuru
1002 753 1110 795 rsrnn
1143 752 1219 794 nun
1247 748 1515 793 1011111001-

418 863 584 909 cussnan
607 882 693 892 —
715 835 965 901 rossrur.Hie
987 835 1062 899 Pius
1090 833 1180 915 ‘lego'
1208 831 1315 915 inquit
1347 832 1399 896 ‘ex
1427 830 1517 914 prisea

415 947 552 1013 lectione
581 942 738 1008 inter-darn
767 962 811 1003 ur
840 963 902 1003 porr
930 939 1000 1002 tam’
1013 986 1020 1000 .
1034 934 1086 1001 eui
1107 935 1148 1001 de
1176 933 1284 1019 prisca
1306 932 1448 999 lectione
1468 951 1518 995 nou

417 1048 562 1115 confido:
580 1043 637 1110 sed
659 1041 812 1107 Marullus
841 1044 872 1104 et
894 1039 1048 1104 Aventius
1078 1052 1112 1101 ut
1132 1036 1350 1119 ingerendum
1373 1052 1447 1100 esse
1468 1052 1518 1097 nor

417 1151 581 1225 viderant,
597 1145 714 1210 nedum
735 1141 972 1209 Wakefieldus.
989 1139 1116 1206 exhibet
1137 1145 1244 1204 tamen
1266 1135 1351 1202 illud
1374 1134 1517 1201 Antonius

417 1253 509 1318 Marii
531 1250 634 1315 filius.

506 1358 788 1421 massanissae
823 1368 990 1411 cosroen
1025 1342 1245 1407 raserunt
1272 1343 1311 1406 F.
1348 1337 1517 1406 Gronovius
1552 1371 1553 1379 ¹

418 1455 671 1522 observationum
694 1454 758 1527 11‚1
782 1468 812 1531 p.
825 1452 889 1516 214
911 1455 942 1513 et
963 1450 999 1511 T.
1021 1447 1127 1510 Faber
1149 1465 1340 1509 cosroes.

505 1562 575 1624 119.
598 1575 706 1617 nurus
736 1573 875 1614 insons
890 1600 896 1613 .
913 1548 1008 1633 Apud
1037 1547 1175 1612 Nonium
1204 1551 1358 1631 pactas
1390 1546 1515 1609 auras

417 1661 468 1728 val
490 1661 664 1744 aeritopet.

507 1764 575 1828 120.
600 1778 792 1820 nxrsauu.
817 1755 989 1820 Creechius
1022 1771 1319 1830 sx1nnuur,eum
1351 1748 1451 1831 vulgo
1481 1748 1515 1811 in·
1550 1749 1553 1785 ³

418 1871 545 1931 ventum
566 1860 736 1942 Italorum,
753 1855 839 1939 quod
861 1864 930 1922 erat
953 1858 1085 1933 sepierit,
1101 1855 1184 1919 male
1207 1854 1424 1939 probassent.
1553 1932 1554 1936 Ἰ

508 1969 577 2032 122.
601 1983 786 2025 (1111111111
811 1981 953 2023 annun.
970 1958 1136 2023 Correotor
1164 1956 1298 2038 oblongi
1323 1957 1426 2043 pravi
1444 1973 1515 2015 ras-

419 2090 534 2134 uras.
1553 2052 1555 2057 ’

507 2173 576 2236 124.
600 2185 887 2229 concentuum.
905 2165 1072 2229 Correotor
1094 2160 1225 2244 oblongi
1247 2181 1463 2226 cornacus.

506 2273 575 2336 126.
598 2269 768 2330 Turrinus
790 2288 1002 2329 vnusaurn.
1019 2264 1090 2328 Itali
1108 2270 1139 2328 et
1153 2264 1309 2329 Marullus
1325 2281 1517 2328 venenum.

417 2373 451 2436 in
474 2394 502 2452 v,
515 2374 578 2438 664
594 2370 763 2453 Dispersos
786 2369 870 2452 {qais
890 2370 1006 2433 orienti
1025 2368 1142 2432 lanariae
1157 2369 1247 2433 cerni
1255 2414 1263 2428 .
1278 2364 1315 2430 in
1337 2365 1456 2431 eodem
1470 2365 1518 2432 88l

418 2473 621 2555 Membraque
643 2469 791 2554 deficiunt
802 2470 951 2554 sapienti
971 2469 1127 2556 lampaide
1142 2471 1227 2533 vito.
1243 2467 1278 2531 in
1292 2490 1315 2552 1,
1329 2473 1396 2538 306
1407 2465 1518 2532 Nonius

418 2573 541 2640 eaedem
575 2571 724 2635 carrdeati
749 2572 812 2634 sole
841 2584 1017 2653 rarescant,
1033 2569 1066 2633 in
1097 2593 1139 2647 vr,
1153 2574 1234 2638 1197
1260 2571 1445 2656 Octavoqac
1456 2569 1519 2655 fere

418 2674 567 2740 corderii
593 2672 709 2737 labrire
731 2673 826 2736 sotis.
843 2670 890 2736 sie
917 2690 1014 2754 saepe
1041 2670 1074 2733 in
1101 2670 1247 2736 versibus
1272 2670 1473 2736 hexametris
1495 2667 1519 2730 iu

418 2773 664 2857 consequentiae
688 2772 940 2854 significatione.

496 2877 963 2945 128.Posrusrcous11uurr
978 2872 1520 2955 vrssrus.Quadratuseomaauit,

418 2981 576 3062 oblongus
597 2999 616 3042 a
632 2982 807 3042 correctore
823 2976 1124 3060 concremataque
1141 2976 1299 3041 Antonius
1316 2983 1349 3041 et
1363 2976 1521 3062 impressi.

418 3082 476 3148 sed
497 3080 696 3147 verissimum
719 3085 767 3144 est
788 3081 978 3156 coemiteriis,
995 3078 1081 3160 quod
1102 3078 1135 3142 in
1151 3078 1290 3159 oblongo
1316 3078 1424 3162 prima
1437 3095 1522 3142 mauu

417 3201 592 3267 agnoscere
614 3180 744 3245 videor:
760 3200 834 3243 nam
856 3182 923 3244 rarii
945 3178 1067 3244 litterae
1089 3179 1183 3263 plane
1207 3179 1352 3263 conspici
1376 3201 1446 3246 non
1460 3200 1521 3264 pos

417 3292 510 3352 sunt.
525 3284 560 3349 id
581 3281 743 3365 Isidorus,
760 3281 814 3362 qui
837 3280 921 3345 hune
943 3287 1043 3346 totum
1070 3281 1176 3346 locum
1198 3281 1349 3366 exprimit
1370 3267 1521 3365 originum
1556 3348 1557 3354 .

416 3411 485 3465 xm,
498 3394 538 3463 8,
554 3383 729 3450 rectissime
743 3381 966 3464 interpretatur
978 3385 1150 3470 perscidit.
1167 3383 1260 3448 huius
1274 3384 1377 3472 verba
1393 3382 1520 3450 subieci.

417 3487 646 3575 comprecatio
667 3485 929 3550 veliemeprissimi
947 3488 1033 3550 vecti
1051 3487 1186 3550 aubibus
1212 3509 1245 3550 sc
1273 3501 1405 3571 reperite
1433 3486 1521 3552 immi

417 3595 511 3674 scra't,
528 3590 651 3654 turbine
673 3587 878 3651 invalescente
909 3590 1087 3674 excitataque
1110 3601 1260 3673 quaerent
1282 3590 1398 3654 nahem
1409 3639 1419 3672 ,
1436 3612 1521 3676 qaum

417 3695 602 3773 caracovit,
630 3691 745 3774 impete
783 3712 897 3773 mopso
928 3691 1131 3775 perscindit.
1159 3687 1261 3753 editur
1294 3688 1431 3771 quidem
1466 3688 1521 3753 illic

412 3794 609 3883 proscindit,
625 3791 683 3857 sed
715 3789 820 3868 male,
837 3795 867 3854 et
900 3791 1037 3857 correxit
1068 3790 1284 3856 Wakefieldns
1322 3792 1366 3856 ad
1401 3812 1521 3859 versum

416 3897 614 3981 proximum.

505 4002 573 4066 129.
596 3999 676 4060 Tun
710 4015 1014 4058 Prarnxrmcxsro
1044 4015 1175 4058 sou1ru
1206 4017 1277 4059 nnn
1308 4017 1519 4060 1111811111-

417 4120 559 4164 sorau.
576 4096 751 4163 Lambinus
782 4095 932 4178 ‘procella
964 4096 1080 4162 emissa
1111 4095 1176 4161 edit
1207 4096 1371 4180 fragorem
1385 4098 1404 4162 .‘
1424 4116 1519 4181 neque

415 4199 507 4266 aliter
532 4198 694 4280 Isidorus,
711 4195 764 4280 qui
796 4196 836 4261 iis
868 4199 975 4264 verbis
1003 4217 1086 4280 quae
1114 4197 1210 4263 modo
1239 4200 1379 4283 apposui
1414 4199 1521 4266 subicit

415 4300 515 4376 haec,
531 4324 568 4364 ac
597 4301 643 4364 sic
670 4325 739 4364 eum
764 4300 919 4366 horrcndo
936 4301 1076 4387 fraporc
1102 4301 1244 4387 dffertur
1266 4301 1313 4366 ad
1335 4327 1453 4369 aures.
1468 4299 1520 4367 sed

414 4400 449 4467 id
468 4402 542 4468 huie
564 4399 697 4476 rationi,
714 4399 754 4465 de
777 4420 841 4481 qua
865 4407 961 4485 potita
989 4421 1074 4466 nune
1094 4401 1181 4484 agit,
1197 4422 1262 4466 non
1290 4403 1443 4487 congruit
1455 4428 1462 4467 ε
1476 4402 1519 4466 bic

415 4503 499 4572 enim
526 4502 628 4568 nubes
654 4500 812 4584 perscissa
838 4510 876 4567 ac
905 4503 1065 4586 perforata
1091 4509 1185 4570 vento
1216 4523 1333 4568 sonum
1359 4504 1448 4585 edit,
1463 4524 1518 4570 non

413 4612 527 4672 ventus
547 4601 756 4689 perscindens
777 4604 914 4684 nubem,
931 4605 972 4672 de
996 4626 1058 4688 quo
1081 4626 1155 4670 mox
1178 4604 1261 4670 dicet
1282 4614 1410 4692 septem
1430 4606 1518 4674 versi·

413 4705 474 4774 bus
495 4705 684 4773 interiectis.
698 4705 781 4772 adde
804 4706 891 4790 quod
916 4707 949 4772 in
970 4707 1123 4792 proximis
1143 4707 1285 4773 vesicula
1306 4709 1456 4796 displosa
1475 4728 1518 4775 so
