3509 5442
789 567 819 630 Π
1315 572 1356 639 83

247 738 339 822 apud
352 737 548 803 Maerohium
570 737 603 801 in
618 737 742 801 Satum.
759 758 802 815 v1‚
817 741 832 804 1
850 742 927 804 Cum
935 740 1080 825 primum
1101 760 1220 805 aurora
1232 762 1358 826 respar-

246 845 295 927 9r't
319 843 436 906 lamine
459 854 580 906 terras.

340 948 411 1011 147.
435 963 551 1005 sonna
575 964 659 1006 son.
676 942 822 1008 Sonnsr
844 942 1059 1024 antiquissimi
1080 947 1294 1008 eorreetores.

341 1048 411 1114 152.
433 1068 566 1109 saurus
590 1066 662 1116 Quo
686 1068 718 1107 sr
739 1068 814 1108 num
837 1068 1073 1108 nrvnuvnanr
1088 1066 1227 1109 urens.
1243 1047 1359 1111 Ponte*

249 1167 313 1212 nus
340 1147 496 1212 Lambino
523 1152 603 1212 teste
631 1169 741 1218 oursr
773 1148 847 1213 dom
865 1197 872 1212 .
893 1147 1068 1213 Lambinus
1093 1148 1233 1230 pessime
1266 1150 1363 1235 quari

249 1251 328 1314 dam
350 1251 549 1315 diverberat:
564 1269 637 1313 nam
660 1250 734 1314 dom
749 1248 1000 1330 intellegendum
1024 1254 1073 1315 est
1087 1249 1182 1317 dorae
1195 1300 1202 1315 .
1217 1250 1360 1317 Isidorus

250 1351 413 1432 originum
434 1351 517 1415 libro
539 1355 663 1428 x111‚20
685 1370 725 1416 ex
740 1351 888 1416 Lucretio
911 1352 1014 1416 adfert
1036 1354 1142 1417 aerias
1164 1352 1289 1417 aedas:
1304 1371 1361 1435 po·

248 1459 334 1517 terat
359 1453 480 1518 addere
509 1457 605 1540 quasi
614 1502 621 1517 .
640 1452 674 1516 in
700 1473 795 1518 versu
821 1453 965 1537 proximo
988 1450 1204 1519 Wakefieldus
1230 1452 1360 1536 ineptis·

249 1555 331 1620 sime
359 1555 506 1638 probavit
532 1581 685 1642 vapores,
709 1556 796 1636 quod
822 1556 940 1620 habent
963 1554 1144 1637 oblongus,
1163 1554 1260 1634 Itali,
1284 1554 1359 1619 olim

249 1657 420 1741 impressi,
435 1657 610 1722 Marullus:
626 1661 754 1744 raptoris
776 1657 970 1739 quadratus,
987 1656 1148 1736 sohedae,
1163 1656 1359 1723 Lambinus.

339 1763 411 1828 155.
435 1781 544 1823 rurus
572 1782 611 1822 sn
635 1781 882 1824 rasnuuruu.
909 1758 1004 1842 Apud
1025 1758 1222 1825 Pnseiannm
1249 1778 1280 1841 p.
1297 1761 1359 1827 802

250 1882 549 1927 unrnrnuuruu.

341 1969 413 2034 158.
437 1986 670 2029 unonnscnrn
698 1987 864 2030 uonrvrr
891 1964 991 2030 Unus
1018 1984 1152 2028 ronrs.
1178 1950 1361 2043 Quadratus

249 2093 359 2133 naeres
374 2070 538 2151 aanoraa,
553 2067 615 2134 hoe
630 2074 678 2133 est
687 2071 875 2134 serrorovr't:
891 2065 1048 2145 schedae,
1065 2071 1100 2131 ut
1109 2066 1361 2133 Henriehsenius

251 2175 385 2235 testatur
404 2220 412 2247 ‚
433 2194 534 2234 semor
556 2184 686 2236 uatem.
713 2170 871 2236 Antonius
893 2167 985 2233 Marii
1012 2193 1068 2236 aee
1094 2196 1145 2236 ras
1171 2172 1359 2252 renovavit,

251 2270 327 2336 olim
349 2271 497 2354 impressi
528 2298 567 2338 aa
589 2298 725 2339 creseere
746 2286 887 2337 morast.
908 2270 1025 2355 optime
1047 2272 1201 2338 Marullus
1227 2296 1283 2337 aar
1308 2296 1360 2336 res

250 2394 477 2436 remorarer
506 2375 582 2438 utra
594 2376 705 2460 foris.

341 2480 413 2543 160.
437 2496 472 2537 1u
499 2497 601 2545 Quam
624 2499 790 2540 correns
817 2498 942 2541 nocua
972 2498 1119 2541 conexa
1145 2499 1359 2542 rnnuurua.

251 2575 449 2644 Veronensis
470 2576 567 2643 editio
594 2588 625 2644 el
646 2578 828 2660 Naugerius
851 2583 1015 2661 conam,-
1034 2578 1120 2662 quod
1146 2580 1262 2645 reetius
1284 2580 1362 2646 seri-

251 2677 338 2744 bitur
358 2699 520 2743 oourxs.
541 2680 637 2764 paulo
664 2686 737 2745 ante
767 2683 835 2746 aad
857 2708 872 2748 e
890 2683 1061 2770 portatos,
1081 2680 1116 2745 in
1143 2700 1207 2763 quo
1229 2682 1363 2748 haerent

251 2780 463 2863 interpretes,
479 2781 524 2846 ita
537 2782 757 2866 aooipiendnm
780 2790 847 2862 est,
864 2810 904 2850 ea
927 2786 966 2850 ι’ίε
988 2785 1085 2849 aucei
1099 2786 1246 2871 partibas
1256 2833 1265 2867 ,
1282 2809 1362 2870 quaa

252 2898 467 2968 occuparant.

341 2989 413 3053 163.
436 2986 750 3060 Murrmnasoun.
772 2987 810 3052 In
839 2986 921 3053 libro
944 3010 987 3068 ιν,
1004 2992 1066 3059 207
1090 2987 1285 3071 exemplaria
1308 3007 1362 3054 ve·

253 3092 322 3151 tera
342 3087 663 3162 Munrrrnnxoun.

342 3195 414 3258 166.
438 3191 490 3257 Ur
512 3216 633 3257 nasus
656 3215 729 3264 oua
748 3215 933 3265 ourooun.
949 3190 1021 3257 Itali
1041 3196 1164 3257 veteres
1193 3195 1233 3259 Ut
1255 3215 1362 3257 vror-

254 3315 343 3355 lnr.
360 3292 421 3357 sed
441 3293 493 3358 hie
507 3315 618 3362 versus
645 3302 676 3361 et
697 3296 752 3378 qui
774 3315 846 3361 eum
862 3294 1024 3379 praeeedit
1044 3292 1132 3360 nullo
1155 3312 1227 3359 eum
1242 3297 1363 3380 superi-

255 3394 364 3460 oribus
393 3397 619 3462 sententiarum
645 3397 772 3463 vinonlo
795 3396 991 3462 cohaerent.
1011 3396 1118 3480 itaque
1140 3396 1295 3464 Marullus
1317 3398 1364 3463 in·

255 3496 419 3581 eptissimo
447 3495 565 3563 iudioio
584 3550 591 3576 ‚
613 3499 672 3564 sed
700 3498 838 3565 maxima
859 3498 1067 3579 auotoritas,
1089 3498 1139 3564 his
1161 3500 1363 3582 praemitten-

254 3599 331 3664 dum
353 3598 478 3664 censuit
498 3602 583 3665 Nam
605 3627 705 3688 aeque
726 3603 856 3668 colonitio
883 3601 992 3667 debeat
1006 3601 1133 3667 tardato
1153 3606 1277 3667 morari
1285 3651 1292 3666 .
1309 3604 1363 3685 qui

255 3721 368 3767 sanam
390 3707 529 3766 mentem
550 3702 688 3786 malent,
704 3725 725 3768 a
746 3723 841 3769 versu
859 3706 921 3771 164
942 3701 985 3767 ad
1009 3707 1070 3773 184
1091 3701 1291 3780 transibunt,
1308 3724 1363 3770 ne-

200 3830 209 3881 f
255 3823 317 3886 que
349 3800 393 3867 ad
417 3802 631 3885 integritatem
663 3802 887 3889 disputationis
914 3802 1084 3886 quiequam
1117 3802 1362 3870 desiderabunt.

200 3912 205 4005 i
254 3904 356 3969 nihilo
379 3903 484 3969 minus
499 3904 710 3972 certissimum
733 3912 783 3971 est
804 3924 941 3988 eaquae
962 3904 1013 3971 his
1027 3904 1192 3970 interiecta
1213 3911 1286 3970 sunt
1299 3908 1363 3973 Lu·

200 4064 204 4083 ,
254 4006 398 4071 cretiana
419 4024 512 4085 esse,
534 4008 611 4087 sed,
632 4008 719 4092 quod
740 4009 932 4091 interpretes
953 4006 1063 4072 videre
1084 4005 1262 4071 debuemnt
1272 4057 1281 4090 ,
1297 4030 1362 4074 non

254 4104 367 4191 paneis
389 4108 538 4175 versibus
560 4117 723 4178 truncata.
746 4109 894 4176 videntur
920 4115 1025 4174 autem
1053 4129 1092 4174 ea
1119 4109 1256 4189 deesse,
1280 4132 1363 4194 quae

199 4200 208 4277 l
253 4208 413 4295 Epicurus
428 4209 470 4274 ad
481 4210 678 4279 Herodotum
692 4218 720 4296 ξ.
732 4218 775 4281 44
789 4212 839 4277 his
853 4212 960 4278 verbis
975 4211 1073 4289 dixit,
1089 4205 1169 4300 ἇρχῆ
1187 4209 1364 4281 dirotano

255 4306 315 4379 οὔκ
330 4306 443 4389 ἔστιν,
459 4308 576 4403 piatur
588 4316 654 4381 τῶν
667 4308 801 4397 ἀτόμων
813 4308 925 4382 οὐσῶν
939 4313 997 4380 καὶ
1009 4318 1070 4381 τοῦ
1085 4316 1183 4381 κενοῦ
1195 4363 1201 4378 .
1218 4315 1267 4381 his
1280 4317 1364 4382 em'm

253 4418 342 4479 reete
354 4413 458 4481 subiet
467 4422 639 4498 potuerrmt
652 4434 736 4500 quae
749 4416 859 4500 primis
874 4417 925 4482 his
936 4418 1083 4483 versibus
1094 4416 1266 4499 significari
1276 4425 1363 4502 puto,

255 4512 388 4605 [multos
411 4514 621 4603 philosophos
646 4519 799 4584 mundum
827 4525 859 4584 et
885 4539 936 4584 res
960 4520 1126 4586 universas
1149 4519 1272 4603 opinari
1299 4540 1363 4584 non

254 4636 296 4684 ex
316 4608 441 4684 infinito
463 4638 555 4700 esse,
572 4620 631 4688 sed
652 4619 784 4687 deorum
806 4622 968 4687 voluntate
982 4626 1165 4706 procreatas
1179 4645 1186 4684 :
1202 4620 1261 4685 hos
1286 4640 1363 4685 vero

198 4762 214 4807 ,⁴
256 4740 324 4786 rem
357 4720 447 4786 nulla
479 4723 602 4789 ratione
632 4725 740 4790 nixam
774 4745 920 4809 ponere;
944 4723 1062 4809 quippe
1094 4723 1210 4806 quihus
1240 4720 1366 4786 tasilius

1128 4825 1175 4894 ὃ*

197 4928 203 4973 ι
