3509 5442
800 561 845 629 Ν
1310 569 1374 639 245

265 732 475 824 seutentiam,
492 752 532 798 ne
555 753 625 799 eam
648 731 777 799 arbitrio
801 733 1007 815 grammatico
1029 735 1225 819 tribuamus,
1242 744 1372 805 senatus

265 833 444 898 consultum
461 834 547 917 quod
569 840 618 901 θεῖ
640 837 679 902 de
695 836 948 901 Bacchanalibus
964 837 1041 901 mire
1058 837 1241 919 confirmat,
1257 840 1291 904 in
1306 860 1369 922 qno

264 935 339 1000 reoti
356 955 451 1000 casus
472 934 506 999 hi
521 941 613 1015 sunt,
632 939 706 1023 quei
714 987 722 1020 ,
729 938 927 1024 sciderant,
943 940 1102 1005 oinvorsei
1110 990 1118 1017 ‚
1134 944 1232 1026 arici,
1250 940 1370 1025 obliqui

263 1043 368 1102 autem
384 1039 501 1103 Latini
508 1039 521 1117 ,’
532 1040 666 1122 urbani,
682 1042 771 1104 sacri
778 1089 786 1122 ,
803 1039 860 1103 sed
876 1038 977 1102 maior
987 1041 1111 1105 testium
1126 1062 1202 1125 pars
1217 1063 1281 1107 non
1297 1062 1371 1108 ocn-

263 1139 377 1203 sentit.
400 1138 434 1202 in
455 1139 527 1222 lege
548 1139 667 1204 Thoria
681 1143 802 1228 populi
821 1142 978 1205 Romami
997 1147 1029 1205 et
1042 1145 1178 1230 pupulci
1196 1145 1369 1227 Bornunei,

263 1241 383 1326 quodve
395 1245 472 1329 apri
481 1243 562 1306 locui
566 1243 709 1328 publicai
715 1290 724 1316 ‚
742 1244 809 1306 eius
821 1245 914 1330 cyrei
926 1244 1007 1308 locer'
1016 1295 1023 1323 ,
1039 1247 1134 1311 uerbis
1146 1246 1302 1310 Romanci
1310 1295 1318 1328 ,
1334 1248 1370 1310 ic

260 1343 384 1407 cotonei
395 1367 542 1425 numere,
559 1345 592 1407 iu
608 1367 785 1409 consumere
801 1347 911 1430 aquei,
928 1347 1015 1410 vinei
1026 1347 1141 1431 ulaine,
1156 1348 1279 1414 modum
1296 1350 1374 1437 apri

261 1446 359 1510 lucei.
374 1443 409 1507 in
424 1443 559 1508 Servilia
568 1448 753 1530 parentrbve
771 1447 842 1510 soei
848 1495 857 1528 ‚
877 1448 963 1534 repis
974 1449 1141 1534 populariae
1156 1451 1287 1515 car‘vr‘sve
1302 1452 1374 1515 auci

259 1547 395 1626 nomine,
409 1547 522 1631 quoius
530 1549 926 1633 reprbpopuler'venomine,
939 1549 1229 1633 tribuendcr'cuuoa‚
1235 1551 1373 1638 pupulci

203 1699 212 1707 .
250 1648 329 1733 fier.
346 1645 380 1709 in
395 1645 468 1728 lege
483 1647 560 1731 pagi
574 1647 764 1712 Herculanei
784 1652 950 1737 mapistrei
959 1652 1075 1736 popei.
1091 1649 1125 1714 in
1139 1651 1211 1732 lege
1235 1653 1276 1717 de
1291 1652 1369 1716 Ter·

258 1748 381 1813 mensis
397 1751 509 1815 locheri
521 1753 636 1816 emicui
647 1753 802 1837 sociatque
814 1753 948 1837 pupulci
959 1753 1101 1816 Romam·
1111 1766 1221 1817 sunto.
1241 1752 1275 1817 iu
1296 1753 1368 1834 lege

256 1850 381 1915 Rubria
392 1853 610 1939 praefecturae
632 1855 699 1918 eius
721 1855 895 1939 murnicipec‘
902 1902 911 1934 ,
929 1852 1059 1918 damnet
1073 1854 1203 1939 infectei
1215 1857 1246 1916 et
1259 1852 1372 1918 damni

257 1954 407 2040 infectec'.
423 1953 456 2017 in
471 1973 545 2019 aere
556 1954 761 2020 Heracleeusi
776 1956 917 2042 operisve
922 1955 1051 2040 publice
1056 1954 1243 2040 facr'umdei
1251 1979 1365 2038 causa,

257 2058 407 2121 stercorio
419 2082 457 2122 ea
462 2057 639 2144 pertundet
647 2082 761 2121 causac
771 2107 780 2139 ‚
797 2056 980 2121 babr'tandei
989 2056 1117 2120 uteudci
1125 2081 1239 2120 caussa
1246 2106 1255 2138 ‚
1268 2057 1303 2120 ia
1314 2055 1366 2121 de·

257 2160 398 2223 mortuui
404 2157 599 2223 damuctcive
611 2158 835 2244 locum,furter'
843 2164 874 2223 et
885 2158 1003 2223 iudicio
1015 2157 1178 2222 brandalec'
1186 2158 1367 2222 condem-nor

257 2271 327 2341 tus,
344 2258 566 2345 depacuandei
582 2285 695 2325 canosa
710 2274 910 2324 auctoratus.
926 2265 1022 2342 atque
1043 2256 1084 2322 de
1101 2256 1199 2321 dandi
1214 2257 1367 2324 vocandi-

257 2379 321 2443 que
344 2380 422 2426 casu
444 2361 534 2426 aliter
556 2362 713 2426 Lucilium
740 2380 778 2425 ac
799 2362 897 2445 vulgo
920 2365 1048 2445 putatur
1069 2359 1274 2444 praecepisse
1294 2378 1366 2425 ver-

258 2462 352 2528 siculi
375 2463 444 2528 eius
466 2462 656 2542 ostendunt,
674 2462 727 2545 qui
750 2469 823 2527 sunt
841 2461 936 2526 huius
957 2462 1063 2526 modi.
1081 2463 1151 2526 Hoc
1172 2463 1228 2526 illi
1236 2462 1366 2548 factum

257 2580 301 2630 eat
312 2568 376 2630 uui
384 2615 392 2644 ,
408 2579 495 2631 lenae
506 2567 561 2630 hoc
563 2566 673 2651 facies
685 2567 701 2628 θ’
707 2613 715 2627 .
728 2564 881 2628 Mandaei
879 2563 1032 2648 fierique.
1046 2562 1145 2627 addes
1157 2586 1172 2626 e
1180 2612 1189 2645 ‚
1203 2588 1273 2627 cum
1284 2563 1365 2628 ‘dato

257 2669 368 2733 Furei'
383 2668 539 2733 Iusserrb.
556 2666 603 2732 sic
625 2664 708 2729 enim
722 2663 805 2730 haec
820 2663 988 2729 scribenda
1004 2669 1096 2728 sunt:
1112 2683 1186 2727 narn
1202 2688 1271 2727 cam
1287 2664 1364 2728 dare

247 2771 348 2856 farei
359 2770 517 2851 lasseris,
534 2767 621 2850 quod
643 2772 691 2831 est
706 2766 792 2851 apud
807 2766 1056 2845 Quintilianum,
1071 2764 1214 2846 intellegi
1229 2783 1293 2828 non
1307 2784 1365 2849 po-

257 2875 339 2955 test,
357 2871 431 2936 dato
452 2875 558 2936 autem
580 2870 711 2936 Plautus
737 2868 889 2952 corripuit
910 2869 942 2932 in
957 2867 1255 2950 Bacchisin1,1‚5l
1279 2869 1363 2933 Dato

257 2976 317 3060 qai
328 2974 403 3038 bene
418 2976 477 3038 rit.
494 2972 551 3037 sed
572 2972 606 3036 in
627 2971 743 3036 dativis
765 2991 893 3054 quoque
916 2970 983 3035 sive
1005 2969 1172 3047 ablativis,
1188 2968 1215 3034 si
1231 2989 1256 3034 ε.
1273 2989 1299 3034 c.
1323 2967 1364 3035 de

257 3073 512 3141 Bacchanalibus
533 3073 652 3139 factum
675 3073 870 3158 excipimus,
885 3073 919 3136 in
942 3092 1005 3155 quo
1029 3077 1077 3136 est
1098 3075 1132 3136 rb
1147 3071 1344 3137 coventiom'd
1352 3121 1361 3156 ,

247 3177 466 3242 instrumenta
491 3174 621 3259 publica
645 3175 792 3242 videmus
819 3175 915 3240 valde
940 3174 1088 3239 variare.
1108 3172 1302 3258 epitaphium
1324 3174 1360 3238 L.

257 3278 386 3345 Corneli
402 3277 458 3343 Cn.
474 3277 495 3341 f.
512 3276 569 3342 On.
585 3299 616 3341 n.
633 3277 789 3361 Scipionis
805 3279 920 3357 Quoiei
940 3279 1005 3341 vita
1021 3277 1152 3364 defecit,
1169 3277 1361 3356 scaliones,

255 3384 371 3447 bonore
383 3379 471 3466 (em)
482 3431 491 3463 ,
508 3380 542 3444 Ia
554 3381 604 3444 bic
615 3383 709 3463 situs,
723 3382 799 3466 quei
806 3404 968 3465 nunquam
979 3382 1079 3446 victua
1091 3393 1135 3445 cst
1146 3381 1283 3444 virtuteu'.
1296 3378 1362 3443 An·

255 3509 310 3549 coc
320 3497 438 3571 paulac
449 3504 492 3544 xx
504 3484 532 3547 is
545 3483 602 3547 leto
615 3481 852 3565 aramundarus,
864 3483 914 3546 Ne
926 3484 1085 3567 quuiratia
1096 3482 1361 3568 honorequeimr'·

254 3611 315 3652 aaa
330 3586 373 3650 ait
387 3598 525 3650 mactas.
541 3583 595 3648 lex
609 3582 728 3647 Thoria
750 3586 915 3670 quor'eiqae
924 3633 933 3666 ‚
950 3582 1007 3648 sed
1026 3587 1119 3669 quoi,
1139 3587 1177 3650 17
1193 3585 1232 3647 ab
1255 3608 1362 3649 eorum

255 3691 349 3776 quei,
366 3690 408 3756 62
423 3692 464 3756 68
480 3689 512 3752 er‘
524 3685 685 3751 bereder've
700 3688 767 3751 eiua
776 3735 785 3768 ‚
801 3690 842 3754 98
862 3687 952 3772 es'qrw
966 3687 1074 3770 operat
1082 3733 1089 3748 .
1105 3684 1138 3747 in
1153 3682 1289 3749 Servilia
1303 3686 1366 3749 eici

255 3812 283 3874 p.
291 3795 337 3860 15
351 3793 390 3858 18
404 3793 444 3857 72
455 3794 497 3858 80
509 3793 550 3857 93
562 3792 619 3870 97,
634 3790 666 3853 ei
673 3792 713 3856 36
726 3791 766 3855 57
780 3791 836 3865 89,
851 3789 891 3852 14
903 3789 1019 3872 quotes}
1032 3790 1071 3853 91
1085 3787 1209 3868 alteret,
1224 3787 1264 3850 72
1276 3784 1361 3849 iudi-

254 3896 318 3975 θεῖ’,
331 3896 422 3961 7290
437 3889 688 3976 maioreiparti.
703 3887 738 3950 in
752 3889 825 3971 lege
840 3888 916 3972 pagi
932 3885 1120 3952 Herculanei
1136 3887 1226 3952 Iovei
1237 3910 1358 3972 compa-

253 3999 326 4084 per'.
341 3993 376 4059 in
397 3993 471 4075 lege
486 3990 636 4058 Cornelia
654 3990 694 4056 de
708 4014 752 4054 xx
767 3991 990 4073 quaestoribus
1004 4013 1047 4069 11,
1064 3993 1106 4057 34
1121 3990 1312 4076 praecouei.
1327 3988 1361 4053 in

254 4097 383 4163 tabulae
403 4095 557 4161 Bantinae
578 4098 668 4175 tergo
691 4095 777 4159 hoico
800 4094 915 4182 lecpei.
938 4093 972 4156 in
994 4090 1303 4159 HeracleensibbYl
1327 4095 1361 4157 in

251 4201 363 4286 parter‘
370 4249 379 4282 7
394 4202 437 4266 49
459 4196 647 4262 redemtorcc'
660 4233 703 4240 -
717 4196 878 4261 heredeice
900 4198 988 4278 arba,
1004 4198 1047 4263 64
1061 4196 1154 4259 arbai
1165 4196 1303 4279 Romae,
1320 4199 1361 4264 98

255 4304 356 4368 alciae
371 4301 450 4387 quoi
453 4349 460 4363 .
472 4298 507 4361 in
520 4297 593 4381 lege
605 4298 724 4363 Rubria
735 4322 756 4378 1,
763 4304 805 4369 45
821 4300 992 4386 captionei,
1007 4319 1041 4376 11,
1054 4300 1095 4365 28
1111 4300 1216 4362 omnei
1222 4348 1231 4381 ,
1248 4299 1290 4366 30
1301 4299 1362 4380 tei,

254 4401 342 4487 quod
366 4401 517 4484 scriptum
539 4406 587 4465 θεῖ
601 4403 630 4464 u·
642 4399 676 4465 in
697 4400 807 4465 tabula
820 4399 1029 4466 Heracleensi
1040 4403 1102 4466 43.
1119 4401 1166 4464 r'ec'
1184 4418 1224 4464 ex
1245 4400 1364 4463 Teren·

253 4507 297 4571 tio
320 4504 408 4589 apud
422 4501 563 4568 Nonium
578 4523 607 4585 p.
621 4507 693 4587 278,
706 4507 767 4571 23.
786 4522 803 4567 θ
825 4504 969 4567 Varrone
984 4500 1148 4567 Charisius
1161 4523 1192 4585 p.
1206 4506 1246 4569 97
1264 4525 1362 4565 auria-

254 4610 314 4675 lei.
335 4607 370 4671 in
392 4605 510 4672 satulli
533 4605 695 4671 codicibus
719 4626 814 4670 unum
837 4605 970 4689 pluralis
993 4603 1172 4686 exemplum
1194 4603 1361 4667 intemera-

253 4716 320 4775 tum
335 4707 488 4775 remansit
498 4711 550 4787 61,
563 4711 626 4776 213
643 4708 734 4774 bonci
746 4711 912 4795 conr'upes,
928 4704 1062 4771 vocativi
1077 4705 1151 4772 item
1167 4723 1263 4768 unum
1276 4706 1327 4782 23,
1343 4703 1360 4769 l
