3509 5442
410 568 452 637 82
949 558 979 626 Π

409 740 442 815 4,
456 739 496 803 19
515 756 546 813 v,
558 739 589 812 3,
601 736 642 802 59
661 781 668 795 .
689 730 865 814 dactylicos
893 736 997 795 autem
1027 729 1172 796 heroicos
1202 730 1296 796 binos
1323 730 1370 795 ite
1396 750 1520 816 semper

411 836 660 911 coniunxerunt,
676 841 711 899 ut
733 832 884 898 continua
905 838 990 897 esset
1009 851 1114 913 neque
1134 832 1310 915 interrupta
1330 829 1517 922 συνάφεια.

412 958 491 1020 crgo
512 937 564 1003 hic
588 935 663 1021 pedi
687 941 776 1001 sexto
793 935 957 1018 spondeus
973 933 1139 1012 convenit,
1155 955 1220 998 non
1241 934 1433 1000 trochaeus.
1450 935 1518 1001 dec

412 1040 479 1125 tylo
502 1038 557 1122 qui
577 1059 656 1103 usus
678 1037 718 1103 sit
732 1057 829 1100 unum
845 1035 993 1100 Ovidium
1007 1035 1155 1115 invenio,
1172 1036 1199 1100 si
1220 1037 1315 1101 modo
1337 1057 1450 1102 verum
1474 1045 1518 1104 est

411 1160 485 1207 eum
494 1140 529 1205 in
539 1139 836 1222 metamorphoseon
842 1161 898 1217 xn,
908 1143 971 1207 395
984 1138 1152 1222 scripsisse
1159 1141 1271 1203 Barba
1280 1154 1348 1204 erat
1354 1143 1517 1227 recipieris,

411 1244 527 1309 dardae
546 1244 630 1307 color
645 1264 780 1322 aureus,
797 1266 957 1327 aureaque
978 1247 1017 1305 e'u
1032 1243 1149 1305 umeris
1164 1241 1282 1305 medios
1304 1265 1391 1306 coma
1408 1242 1515 1328 dapem

411 1344 503 1411 debat
524 1347 558 1410 iu
581 1367 685 1409 armos
697 1368 707 1407 :
721 1362 797 1405 nam
812 1342 1007 1426 exemplaria
1027 1343 1113 1406 bonu
1136 1340 1313 1421 etantiqua
1335 1343 1444 1408 omnia
1465 1343 1518 1407 ha-

409 1445 490 1511 bent
513 1469 613 1510 aurea
638 1446 693 1509 Eu
718 1447 855 1509 umeris.
875 1444 937 1509 hoc
964 1444 1172 1509 certissimum
1201 1447 1273 1520 est,
1294 1463 1463 1536 perperum
1487 1445 1517 1509 in

411 1544 535 1611 Horatii
556 1564 739 1611 sermonum
761 1568 782 1623 1,
796 1550 826 1623 2,
839 1551 881 1614 62
905 1547 1075 1628 plerosque
1098 1544 1236 1611 scribere
1264 1546 1344 1630 quid
1364 1549 1519 1613 iuter-Est

410 1650 447 1714 ia
471 1663 616 1713 matrcaa
643 1649 762 1712 aeacida
778 1672 929 1733 peccesne
955 1648 1088 1733 terlata?
1107 1653 1138 1712 et
1163 1647 1309 1730 imperite
1330 1647 1463 1713 Servius
1486 1649 1518 1713 in
1562 1702 1563 1707 ,

411 1748 574 1817 Aeneidos
595 1772 626 1828 x,
642 1754 706 1818 496
733 1748 810 1813 dicit
836 1748 1072 1832 hypermetrum
1097 1768 1225 1813 versum
1251 1768 1323 1814 esse
1349 1770 1447 1832 posse
1472 1754 1517 1815 iu-

410 1854 521 1917 mauia
538 1852 686 1939 pondera
713 1852 810 1916 baltei
831 1857 1072 1936 impressumque
1098 1851 1213 1936 rceJsas.
1234 1851 1267 1915 in
1294 1850 1430 1915 disticho
1458 1851 1518 1916 ele-

411 1954 505 2037 giaco
528 1953 673 2019 Catullus
695 1952 821 2036 syllaba
846 1953 945 2034 longa
966 1972 1045 2017 usus
1068 1957 1116 2017 est
1141 1956 1210 2031 115,
1223 1957 1264 2031 5,
1280 1953 1403 2036 Prata,
1420 1978 1517 2033 arva,

410 2058 551 2143 iuqeutec
576 2056 675 2121 siluas
700 2055 861 2141 saltusque
881 2055 1084 2142 paludesque
1110 2060 1210 2140 iisque
1236 2055 1280 2118 ad
1301 2056 1519 2141 Hyperboreos

412 2172 442 2223 et
462 2182 551 2223 mare
573 2156 618 2221 ad
631 2156 808 2221 Oceanum.
1462 2225 1465 2232 Ι

500 2262 571 2325 120.
594 2257 808 2322 conones.
825 2258 921 2341 Apud
935 2259 1074 2326 Nonium
1090 2280 1120 2343 p.
1133 2265 1196 2339 6,6
1213 2261 1374 2343 Ocri-aili35
1393 2258 1435 2324 de
1458 2279 1518 2341 quo

412 2359 534 2425 dicetur
556 2358 598 2422 ad
616 2358 732 2424 librum
755 2382 783 2436 v,
797 2366 857 2428 85.
874 2360 916 2423 ad
938 2362 1083 2444 proxima
1105 2361 1294 2426 scholiastes
1309 2361 1434 2426 Lucani
1456 2380 1518 2426 res

411 2462 488 2547 picit
508 2460 590 2525 libro
605 2483 649 2540 rx,
662 2466 745 2537 563,
761 2461 816 2524 ubi
837 2461 918 2527 haec
940 2462 1109 2545 leguntur.
1127 2466 1191 2529 Hic
1211 2465 1373 2550 exemplar
1390 2465 1500 2549 posuit
1509 2513 1517 2545 ‚

412 2565 580 2631 meruius
603 2565 781 2649 cuempiam
799 2567 929 2649 posuit,
946 2590 1002 2629 uos
1027 2569 1062 2630 iu
1084 2591 1144 2631 usu
1166 2566 1341 2651 cuempiam
1364 2565 1519 2630 dicimus:

412 2666 490 2733 adeo
519 2668 624 2731 murcia
649 2679 722 2729 sum
743 2666 882 2730 Latmo.
901 2666 1102 2732 scribendum
1129 2671 1177 2732 est
1198 2691 1254 2731 uos
1280 2668 1314 2730 ia
1335 2691 1397 2731 usu
1421 2690 1517 2731 eccm

362 2812 365 2817 -
404 2768 550 2854 placium
567 2768 723 2833 dicimus:
740 2766 785 2831 sic
801 2767 886 2831 enim
902 2766 1069 2846 dicebant,
1085 2769 1145 2832 hoc
1161 2769 1410 2853 caemeterium,
1427 2766 1518 2832 huius

413 2870 623 2957 exemplarii,
639 2869 699 2932 hcc
722 2870 934 2955 euemplarin,
950 2869 1024 2935 item
1048 2873 1199 2935 alta-rcum
1223 2875 1255 2935 et
1276 2871 1413 2934 altario.

501 2975 570 3039 134.
594 2992 841 3035 concursus.
858 2970 929 3034 Itali
952 2976 983 3035 et
1003 2970 1151 3055 impressi
1173 2992 1419 3035 concursio.

500 3078 570 3143 136.
583 3096 739 3137 norun-sn
754 3074 1100 3150 a1nnruu‚lr›ssouc
1114 3095 1232 3139 roseo
1243 3093 1365 3136 Psuno
1377 3094 1519 3137 umores

411 3198 641 3241 incessens.
662 3173 884 3256 Antiquissimi
911 3181 1104 3240 correctores
1129 3197 1287 3239 orsurus
1305 3222 1312 3236 .
1332 3179 1398 3237 tum
1422 3176 1519 3239 Anto-

413 3279 485 3344 nius
497 3274 591 3342 Marii
604 3278 734 3361 Ictaque
757 3302 836 3363 quae
851 3301 952 3362 porro
965 3327 973 3358 ,
988 3277 1143 3342 Marullus
1160 3297 1231 3342 cum
1249 3275 1364 3341 ceteris
1379 3277 1519 3363 lassaque

412 3404 493 3467 quac
511 3402 609 3464 porro
624 3379 727 3464 paulo
748 3381 890 3457 maiora,
906 3378 1003 3441 verbo
1026 3378 1223 3443 substantivo
1247 3383 1357 3443 contra
1379 3377 1519 3443 Lucretii

413 3476 673 3545 consuetudinem
701 3478 891 3544 deficiente.
910 3479 1017 3561 itaque
1048 3480 1132 3545 malo
1156 3483 1294 3567 Ipsaque
1322 3501 1518 3545 rnoronno

405 3582 507 3670 paulo
533 3580 657 3646 macera
683 3582 863 3647 lacessunt.
885 3581 945 3647 hoe
970 3581 1146 3660 adverbio,
1167 3582 1254 3665 quod
1280 3580 1421 3646 Lucretii
1448 3600 1519 3664 pro·

412 3683 514 3767 prium
538 3700 609 3749 esse
630 3688 765 3767 putant,
784 3682 926 3748 Lucilius
953 3702 1080 3765 quoquc
1106 3702 1184 3748 usus
1207 3688 1255 3748 est
1279 3681 1313 3745 in
1338 3681 1421 3747 libro
1443 3704 1517 3759 xxx,
1549 3698 1551 3703 ’

412 3811 544 3872 sperans
566 3787 684 3851 iactare
706 3810 753 3851 me
775 3786 905 3851 eaedem
921 3787 1015 3849 Ham
1035 3809 1191 3871 proporro
1207 3809 1303 3869 posse
1325 3797 1352 3849 et
1373 3808 1518 3849 mausum

413 3910 453 3952 ea
467 3912 520 3955 ore
535 3886 682 3953 datarum
694 3912 706 3971 ,·
720 3905 802 3969 quae
817 3886 915 3951 verbu
932 3886 1065 3951 nutricis
1081 3893 1173 3951 sunt:
1188 3885 1223 3949 in
1236 3887 1266 3950 N
1268 3883 1333 3949 onii
1347 3905 1379 3968 p.
1393 3889 1466 3964 140,
1479 3889 1517 3953 13

412 3985 484 4052 libri
506 4012 637 4074 sperans
659 4002 790 4055 aetatem
811 3988 942 4054 caudam
963 3990 1038 4053 haec
1055 3989 1206 4075 perdes-ro
1225 4000 1348 4074 posset.

501 4094 571 4159 144.
594 4091 741 4153 Parnon
766 4110 917 4155 sunone
944 4110 1068 4153 uovon
1095 4112 1167 4153 cun
1191 4110 1351 4153 sennem
1378 4109 1516 4153 nuursn

414 4211 569 4254 sennis.
586 4190 806 4273 Antiquissimi
828 4195 1023 4259 correctores
1045 4213 1162 4255 novo.
1179 4190 1339 4272 Vergilius
1353 4188 1518 4255 Aeneidos

412 4312 456 4369 rx,
472 4296 535 4360 459
557 4293 600 4356 Et
622 4295 686 4357 iam
705 4296 813 4378 prima
834 4317 912 4359 uoco
934 4294 1103 4381 sparyebat
1125 4296 1242 4359 lamiae
1269 4305 1371 4357 terras
1397 4291 1522 4357 Tithoni

412 4415 551 4457 croceum
580 4395 724 4480 linquens
754 4419 873 4461 aurora
895 4394 994 4459 cadule
1005 4419 1016 4477 ,·
1035 4393 1122 4476 quod
1144 4393 1273 4461 Servius
1294 4390 1517 4457 Lucretianum
1558 4452 1563 4489 i

413 4511 484 4558 esse
506 4493 600 4557 dicit.
622 4501 754 4579 apparet
779 4498 885 4559 autem
906 4494 1081 4577 Vergilium
1107 4495 1259 4578 temporis
1286 4491 1518 4575 significatione
1561 4500 1563 4525 ²

411 4594 574 4679 accepisse
586 4599 747 4680 primum,
762 4616 827 4661 non
843 4596 982 4675 ordinis,
997 4603 1032 4661 ut
1047 4596 1219 4663 Greechius
1234 4602 1265 4663 et
1278 4592 1516 4661 Wakefieldus.
1544 4642 1563 4731 1

1560 4568 1563 4575 ⁴
