3509 5442
851 544 881 609 V
1352 554 1416 620 339

300 716 541 779 tuouuarba
563 712 642 778 haec
664 713 922 798 interpungenda
945 720 1017 781 sunt
1032 722 1141 781 conba
1160 724 1297 784 mentem
1318 720 1415 786 inter-

300 824 450 902 pretum,
467 817 522 900 qui
543 817 588 881 ita
610 823 821 900 acceperunt,
838 817 931 899 quasi
954 823 1039 883 esset
1060 821 1191 906 Nequid
1200 871 1208 900 ,
1224 822 1361 908 Nequad
1377 825 1414 888 ob

300 920 480 986 edmarum
492 920 612 1002 foede.
627 918 735 1000 itaque
757 918 931 984 scribemus
945 919 1051 1005 potius
1065 922 1196 1006 Nequr‘d
1204 972 1213 1005 ,
1229 923 1257 988 si
1276 943 1328 989 res
1342 943 1415 1007 pos-

300 1021 440 1101 tulabit3
456 1020 642 1106 praesertim
664 1039 735 1084 cum
759 1039 797 1086 co
814 1019 909 1084 modo
924 1020 976 1086 vel
997 1020 1029 1085 in
1045 1022 1180 1106 publicis
1198 1022 1415 1091 instrumentis

300 1128 472 1206 peccatum
494 1141 566 1188 esse
588 1120 773 1192 videamus.
791 1127 875 1188 certe
897 1122 931 1186 in
952 1122 1024 1206 lege
1046 1123 1128 1187 lulia
1146 1124 1330 1208 municipali
1355 1130 1415 1194 120

300 1223 458 1308 seriptum
474 1231 522 1289 est
536 1249 662 1310 quemue
678 1225 859 1289 kalumniae
871 1228 1158 1310 praevaricationis
1178 1252 1292 1293 caussa
1307 1253 1413 1294 aecus·

300 1351 393 1392 sassa
398 1329 557 1413 farisaeae
572 1326 658 1412 quod
678 1325 852 1390 iudicatura
867 1341 912 1390 est
928 1330 1004 1409 erit,
1022 1326 1109 1409 quod
1123 1326 1218 1392 debet
1233 1332 1412 1416 esseseer‘s-

300 1453 376 1493 seve
391 1427 492 1514 quial:
508 1434 539 1492 θῖ
553 1426 671 1492 ibidem
688 1432 725 1494 ll
743 1453 822 1492 aeae.
833 1428 938 1493 euclem
954 1430 1040 1515 quod
1049 1478 1057 1511 ,
1074 1428 1134 1494 hoa
1150 1436 1198 1494 est
1212 1430 1293 1516 quid
1300 1481 1309 1513 ‚
1325 1457 1414 1519 saar-

300 1543 372 1595 tum
387 1530 566 1594 clausumve
580 1531 707 1594 habeto.
723 1528 787 1592 iam
807 1530 940 1614 aliquod
957 1531 1101 1595 solaeudr'
1118 1546 1238 1619 ternpus
1253 1533 1280 1598 si
1294 1532 1415 1599 dicere-

300 1636 357 1696 tur
374 1632 543 1696 adductum
560 1650 653 1710 esse,
669 1631 908 1712 intellegerem:
924 1631 1089 1714 adactum,
1107 1633 1193 1714 quod
1207 1633 1283 1700 fecit
1296 1635 1415 1701 Marul-

300 1735 377 1818 lus,
392 1753 459 1798 non
474 1734 564 1817 capio
577 1783 584 1817 ,
598 1733 674 1815 quia
684 1734 813 1821 adrisere
827 1732 916 1797 aliud
932 1738 981 1798 est
996 1752 1091 1814 quam
1103 1733 1282 1800 adducere.
1298 1739 1416 1804 aduae

302 1851 370 1901 tam
389 1856 482 1901 nemo
497 1836 558 1901 fuit
572 1835 626 1918 qui
641 1840 801 1901 tueretur:
818 1834 872 1917 qui
887 1854 962 1899 vero
985 1835 1130 1900 solvendi
1144 1842 1269 1920 tempus
1283 1840 1329 1904 ad
1341 1865 1414 1907 auo·

303 1953 373 2003 tam
389 1957 464 2003 esse
479 1937 626 2003 dixerunt
648 1937 695 2023 (id
718 1943 766 2002 est
787 1937 829 2003 ad
851 1938 979 2022 plenam
1002 1938 1212 2004 maturitatem
1239 1960 1330 2005 suam
1343 1962 1415 2027 per·

303 2039 457 2124 ductum,
473 2047 507 2104 ut
526 2039 758 2125 Wakefieldas)
778 2047 833 2106 aut
856 2061 928 2105 cum
959 2039 1116 2106 Brixiensi
1135 2040 1273 2107 editione
1299 2045 1344 2108 ad
1364 2070 1415 2110 ac·

305 2158 374 2208 tum
390 2142 439 2229 (id
453 2149 503 2210 est
516 2142 658 2227 proxime
673 2149 748 2208 ante
764 2148 869 2208 actum
884 2162 989 2206 rerum
1005 2148 1036 2208 et
1051 2142 1120 2208 dies
1131 2144 1231 2209 fastos
1243 2196 1251 2222 ‚
1263 2151 1298 2209 ut
1308 2146 1415 2229 priore

306 2244 493 2327 eclogarum
522 2246 661 2311 editione
684 2245 857 2330 Orellius),
873 2264 938 2308 non
966 2244 1113 2310 ridemur
1142 2246 1322 2313 meminisse
1353 2250 1417 2330 gri·

305 2345 392 2432 phos
415 2354 447 2412 ct
466 2346 699 2431 implicationes
721 2347 890 2411 verborum
906 2346 946 2410 ab
960 2344 1054 2411 huius
1069 2354 1182 2430 poetae
1196 2347 1325 2430 ingenio
1340 2349 1417 2416 alie·

307 2469 370 2514 nas
385 2468 478 2520 asse.
494 2469 570 2531 ergo
587 2450 614 2515 si
629 2449 819 2514 vccabulum
835 2447 971 2532 simplex
986 2447 1077 2512 atrei
1093 2456 1304 2532 opportunum
1320 2471 1417 2534 quae·

308 2550 447 2616 rendum
463 2557 530 2630 est,
546 2551 642 2630 mihi,
659 2557 693 2615 ut
707 2565 794 2616 aetas
809 2551 921 2616 adulta
937 2551 1069 2625 dicitur,
1085 2548 1224 2630 itemque
1239 2578 1293 2618 oar
1304 2559 1336 2618 et
1350 2581 1419 2622 aas·

309 2668 381 2732 tas,
396 2652 442 2718 ita
456 2671 520 2717 non
535 2652 640 2718 minus
654 2652 781 2736 proprie
796 2651 921 2718 videtur
938 2650 999 2715 dici
1014 2669 1110 2733 posse
1125 2652 1305 2719 Poenarum
1317 2682 1418 2742 praue

309 2755 457 2821 solvendi
486 2769 605 2842 tempus
636 2775 835 2838 annerum,
852 2753 980 2837 qnando
1008 2757 1164 2816 maturum
1192 2760 1223 2818 et
1243 2754 1418 2840 perfectum

310 2863 381 2924 est.
398 2856 458 2922 hoc
479 2862 587 2923 autem
610 2855 636 2921 si
658 2856 850 2941 probamus,
867 2855 1004 2942 Nequod
1022 2854 1129 2920 locum
1150 2857 1343 2936 nonhabet,
1359 2859 1417 2924 sed

311 2961 487 3031 Nabum.

403 3066 494 3130 1226.
518 3059 646 3123 Sumne
658 3082 772 3125 errem
788 3082 861 3124 cau
876 3081 934 3122 vrs
946 3107 953 3122 .
965 3056 1148 3135 Quadratus
1159 3060 1296 3127 Summet
1307 3065 1416 3128 etiam.

312 3162 469 3228 Marullus
485 3160 613 3225 Sumus
627 3211 633 3224 .
649 3182 744 3228 versu
757 3161 901 3246 proximo
915 3160 1072 3241 oblongus
1087 3162 1205 3226 clauae
1219 3182 1277 3245 pro
1292 3165 1418 3229 elassis.

404 3268 496 3333 1229.
519 3285 627 3327 vor1s
651 3287 763 3329 surra
787 3287 903 3328 runca
927 3286 1080 3334 ounsrr.
1099 3262 1256 3328 Antonius
1270 3265 1364 3330 Marii
1387 3273 1419 3331 et

312 3368 467 3434 Marullus
482 3367 552 3432 aaa
569 3390 612 3430 nc
630 3393 742 3454 prece.
760 3366 934 3450 quadratus
951 3390 1084 3452 praece,
1101 3365 1187 3445 quod
1205 3364 1420 3447 trequentissi-

313 3491 402 3535 mum
425 3468 584 3535 scribendi
614 3488 715 3551 genus
745 3468 845 3534 estin
868 3468 957 3533 libris
978 3486 1063 3531 ncnc
1086 3467 1214 3533 saeculo
1236 3467 1421 3550 antiquiori-

313 3574 375 3639 bus
389 3623 397 3652 ,
412 3577 448 3636 ut
470 3573 647 3658 praetium,
665 3596 849 3657 praemere,
870 3594 1024 3656 praepes,
1045 3570 1176 3651 baeles,
1197 3569 1420 3651 adcaelerare,

313 3675 502 3741 Paedraaus
513 3723 521 3756 ,
543 3675 710 3758 aepulari,
731 3672 856 3738 caecidi
863 3721 871 3754 ,
896 3671 1078 3757 quaerella,
1099 3672 1306 3756 caeprecula,
1325 3675 1420 3739 luter-

310 3778 479 3864 praetare‘,
492 3777 637 3861 plicetur,
660 3778 831 3856 aculeatas,
846 3774 921 3838 item
939 3772 1094 3856 plamae,
1115 3774 1281 3849 alraerrus,
1300 3774 1420 3857 raeda,

302 3879 546 3958 laenocinium,
557 3877 786 3962 plueruntque,
803 3893 886 3956 quae
907 3871 1026 3937 indicia
1046 3877 1120 3936 sunt
1139 3869 1220 3935 baec
1233 3872 1423 3941 vocabulae

315 3983 449 4062 aperto,
465 3977 552 4059 quod
572 3977 643 4041 lteli
667 3975 793 4054 dicunt,
809 3973 1003 4058 proferenda
1024 3992 1113 4038 esse.
1129 3972 1190 4037 hoc
1210 3979 1321 4054 aperto
1342 3995 1422 4040 sono

315 4080 383 4144 ruri
410 4079 557 4146 dicebant
577 4094 689 4166 pretor
716 4098 779 4161 quo
807 4082 949 4160 tempore
979 4075 1013 4138 in
1040 4074 1181 4140 arbeae
1208 4071 1423 4160 diphthongus

319 4179 424 4246 audiri
446 4179 585 4245 nondum
608 4180 766 4245 desierat.

408 4287 499 4351 1230.
522 4281 729 4346 Vnnroaum
752 4300 912 4343 PAVIDUS
934 4300 1069 4343 encas.
1085 4279 1135 4342 De
1155 4276 1424 4346 hoaversuidem

319 4383 489 4449 dicendum
511 4391 560 4449 est
582 4380 669 4466 quod
690 4400 787 4464 supra
808 4380 874 4444 dixi
890 4381 932 4447 dc
951 4386 1030 4449 1031
1046 4377 1131 4444 librii
1145 4378 1248 4444 tertii.
1264 4399 1338 4444 nam
1353 4407 1425 4446 aar·

318 4501 421 4553 tarum
435 4511 535 4574 paces
556 4484 753 4568 ineptissime
775 4482 973 4548 subiciuntur
994 4484 1098 4549 diuam
1121 4483 1216 4567 paci,
1244 4499 1307 4562 qua
1328 4481 1425 4563 signi·

319 4588 432 4654 licetur
459 4594 573 4672 pacata
600 4585 733 4652 deorum
759 4583 874 4653 sedes.
891 4585 933 4649 ad
960 4585 1084 4671 quaesit
1111 4587 1217 4646 autem
1245 4588 1349 4647 mente
1370 4578 1427 4647 ad·

321 4687 462 4757 dandum
484 4695 534 4758 est
554 4713 622 4756 eas.
741 4706 742 4711 ’

1158 4784 1226 4850 22*
