3509 5442
322 560 385 626 298
860 556 890 621 V
915 581 917 585 ¹

407 731 480 795 538.
504 749 639 798 oureus
662 749 786 791 rusrna
807 749 932 789 vnvm.
954 724 1043 789 Dixit
1064 731 1231 809 pottarum
1257 744 1350 790 more
1371 726 1429 789 Lu·

323 829 438 894 oretius
452 830 547 910 ignes
562 829 701 895 aetheris
717 833 818 894 vivere
834 852 854 905 1,
871 833 972 904 1034,
988 826 1063 891 item
1084 830 1155 892 vivo
1175 827 1256 892 solis
1271 826 1429 910 lunaeque

296 1007 301 1018 ,
324 949 458 1012 eorpora
473 953 502 1007 ν,
514 936 598 1007 476,
615 929 791 1013 eodemque
802 929 897 994 modo
912 928 1009 1011 paulo
1025 934 1099 994 ante
1111 933 1175 996 514
1190 932 1318 1020 aeterni
1325 929 1429 994 aidan

322 1031 454 1095 mundi:
469 1031 527 1095 sed
548 1037 665 1096 terram
687 1032 847 1114 quomodo
869 1031 975 1096 vivere
998 1029 1102 1109 dieat,
1119 1033 1312 1096 vitolr'mota
1327 1055 1428 1096 emera

323 1156 381 1216 qne
403 1147 552 1198 remotam
566 1156 596 1215 v,
613 1138 694 1215 125,
710 1154 774 1197 non
797 1153 927 1216 possum
952 1132 1157 1215 intellegere.
1172 1131 1283 1217 inepte
1305 1132 1430 1197 Lambi-

323 1253 382 1298 nus
398 1235 475 1299 sidit
491 1254 531 1300 ex
553 1236 661 1300 neseio
682 1235 797 1315 quibus
820 1235 970 1318 antiquae
993 1233 1167 1318 scripturae
1189 1233 1223 1297 in
1246 1233 1429 1299 Bertiniano

323 1334 487 1416 vestigiis,
510 1337 599 1401 euius
629 1336 715 1400 modi
744 1341 827 1400 oerte
849 1336 939 1400 nulla
960 1341 1034 1400 sunt
1063 1335 1096 1400 in
1119 1332 1277 1416 quadrato
1300 1335 1428 1400 eodioe.

323 1436 369 1500 rei
394 1437 725 1502 eonvenientissimum
755 1455 828 1502 esse
851 1436 996 1502 existimo
1019 1439 1132 1523 quibua
1153 1440 1254 1501 insta
1277 1459 1428 1500 cnnvrr.

409 1543 481 1607 545.
505 1539 631 1609 Usonn
648 1560 745 1602 anno
761 1560 851 1602 naen
865 1562 1008 1603 nnsnnr
1024 1561 1110 1610 ourr
1122 1560 1272 1609 eunoun
1284 1560 1427 1609 ennean

322 1661 412 1704 ans.
435 1639 506 1703 Itali
529 1647 560 1703 et
581 1639 727 1723 impressi
748 1661 865 1703 masur
888 1641 1004 1721 refert.
1020 1646 1086 1705 tum
1108 1647 1181 1723 post
1201 1660 1323 1707 vanum
1339 1643 1428 1706 Lam·

321 1741 389 1805 bini
411 1747 557 1806 conatum
579 1743 602 1806 Ι.
626 1743 661 1807 F.
687 1740 866 1806 Gronovius
892 1740 926 1804 in
952 1742 1208 1807 observationum
1226 1766 1274 1826 nr,
1287 1751 1309 1813 5
1324 1765 1357 1827 p.
1369 1751 1428 1814 465

322 1844 553 1930 qnidqnaeqoe
566 1846 729 1925 veletrae,
742 1842 776 1906 id
791 1847 839 1908 est
855 1841 933 1923 quid
948 1848 1070 1925 portet.
1086 1863 1196 1909 verum
1210 1843 1247 1908 id
1262 1865 1352 1912 nuno
1367 1867 1426 1913 non

322 1944 447 2026 agitur,
472 1945 529 2009 sed
551 1943 628 2026 quid
650 1944 764 2026 euique
787 1945 955 2010 conveniat
983 1949 1015 2007 et
1036 1944 1238 2011 ooniunotum
1263 1948 1304 2012 sit
1328 1968 1428 2031 neque

322 2045 480 2110 alienum:
501 2045 580 2110 haee
607 2045 690 2111 enim
721 2065 819 2110 eausa
849 2051 898 2112 est
919 2066 994 2123 our,
1010 2052 1045 2110 ut
1066 2046 1193 2112 dieebat
1213 2045 1426 2137 Epiournsa}

321 2151 364 2235 γῆ
385 2150 432 2235 τῷ
455 2143 530 2234 ἀέρι
554 2142 744 2227 ἐποχεῖται.
760 2168 892 2230 prorsus
914 2147 1138 2214 Lucretianum
1161 2155 1211 2215 est
1232 2153 1317 2236 quid
1337 2178 1427 2238 quoe·

322 2277 382 2338 que
402 2272 522 2314 avnnr
545 2275 616 2315 ree.

406 2358 478 2422 551.
503 2373 617 2415 sunan
642 2373 712 2422 ons
736 2374 776 2414 sn
800 2375 910 2418 suun.
931 2352 1098 2418 (lorreotor
1119 2353 1250 2438 oblongi
1273 2379 1407 2423 sunna.

407 2459 481 2523 553.
505 2454 692 2517 Pareamus
708 2475 795 2517 anm
810 2477 946 2519 unnnr.
962 2453 1034 2517 Itali
1050 2475 1186 2534 anans,
1199 2462 1233 2520 ut
1247 2478 1346 2525 versu
1358 2466 1426 2530 538.

406 2563 480 2625 555.
504 2577 625 2625 aneon
642 2578 777 2619 urruns
791 2562 1427 2627 incra.noeanonsnmmnnm

320 2683 404 2725 nsn.
420 2660 457 2723 In
479 2658 583 2741 priore
604 2677 701 2724 versu
715 2681 809 2724 lena
824 2658 998 2739 Marullus,
1014 2657 1048 2723 in
1069 2659 1169 2723 altero
1190 2660 1253 2725 iam
1271 2671 1429 2730 eorreotor

321 2761 487 2845 quadrati,
503 2759 577 2825 item
599 2760 756 2824 Antonius
777 2760 870 2825 Marii
893 2765 924 2824 et
945 2758 1120 2825 Brixiensis
1142 2761 1260 2827 editio.

405 2868 478 2933 559.
503 2885 616 2927 slnnu
646 2884 803 2925 anemos
836 2883 1001 2925 sennenn
1030 2881 1169 2928 coneus
1196 2863 1290 2942 Qurs
1323 2889 1428 2932 rorrs

320 2989 404 3044 usn,
430 2987 503 3028 u1s1
529 2986 585 3026 vrs
615 2966 786 3029 uuluae?
814 2963 970 3030 Antonius
998 2963 1091 3028 Marii
1117 2968 1283 3050 attollere,
1302 2973 1432 3054 peremi

320 3066 496 3133 Brixiensis
523 3065 626 3131 editor
654 3072 684 3131 et
706 3066 882 3145 Marullus3
909 3084 1043 3147 quorum
1072 3066 1147 3148 quia
1169 3073 1314 3133 neutrum
1338 3070 1429 3136 altori

320 3173 480 3253 praestat,
496 3173 624 3231 maneat
638 3167 671 3232 in
682 3168 887 3252 possessione
902 3189 1072 3231 rnnmcr.
1088 3174 1155 3232 tum
1170 3175 1256 3236 reete
1267 3172 1429 3255 Tanaquil

320 3271 426 3336 Faber
441 3269 537 3346 Quin
558 3272 642 3354 potis
665 3284 727 3334 est.
745 3268 803 3334 sed
825 3275 991 3352 praeterea
1014 3269 1289 3337 seribendum‘est
1303 3295 1427 3355 autur,

321 3370 480 3454 quomodo
508 3376 592 3434 reete
615 3371 765 3453 seriptum
792 3377 878 3435 extat
900 3390 994 3435 versu
1009 3377 1092 3440 563.
1112 3373 1194 3437 libro
1209 3397 1243 3452 11,
1255 3379 1318 3445 261
1344 3380 1429 3444 Nam

321 3474 415 3539 dubio
429 3472 543 3557 prooal
556 3472 605 3535 tis
621 3475 712 3537 rebus
727 3498 787 3537 sera
804 3476 917 3558 cuique
932 3475 1076 3538 volutatos
1091 3475 1293 3561 Principium
1309 3478 1387 3556 dat,
1403 3493 1429 3545 et

320 3578 392 3640 birro
414 3587 514 3638 motus
531 3598 590 3658 per
605 3577 742 3639 membro
757 3577 925 3661 reparetur.
941 3574 974 3639 iu
989 3575 1192 3655 Sangallensi
1209 3575 1322 3642 eodioe
1339 3578 1429 3644 seho-

319 3678 434 3742 liorum
455 3675 489 3738 in
511 3675 714 3754 Iuvenalem,
736 3677 790 3758 qui
813 3677 941 3742 saeculo
964 3698 1049 3740 nono
1072 3677 1208 3760 soriptus
1230 3683 1298 3761 est,
1317 3680 1429 3763 primis

319 3777 445 3862 paginis
460 3776 660 3843 eontinentur
674 3797 785 3844 versus
809 3798 826 3843 e
842 3778 944 3862 po‘e'tis
960 3778 1194 3861 compluribus,
1212 3799 1350 3860 quorum
1364 3802 1429 3848 non

321 3886 394 3945 sunt
410 3879 573 3962 adscripta
594 3879 742 3960 nomina,
760 3880 900 3964 excerpti
926 3886 1055 3963 propter
1075 3880 1267 3962 quantitates
1287 3883 1428 3966 syllaba-

319 4002 408 4045 rum.
434 3981 518 4045 inter
540 3981 599 4046 hos
622 4000 640 4044 e
663 3982 800 4046 Lucretii
829 3982 967 4046 earmine
995 3981 1083 4064 petiti
1110 3989 1184 4047 sunt
1211 3982 1275 4048 duo
1304 3982 1347 4049 de
1377 3986 1427 4049 tri·

319 4084 408 4165 ginta
422 4103 493 4147 oum
509 4083 622 4148 oeteris
637 4082 813 4166 eommixti,
826 4107 846 4163 1,
862 4089 921 4152 156
935 4088 976 4153 82
991 4089 1051 4151 119
1065 4089 1126 4153 186
1138 4089 1201 4154 210
1213 4091 1276 4154 305
1289 4091 1354 4156 306
1367 4093 1428 4157 396

319 4208 352 4263 11,
365 4189 425 4253 201
447 4207 468 4262 1,
480 4189 543 4254 448
555 4190 694 4253 449580
707 4190 768 4254 779
787 4209 821 4264 11,
835 4191 897 4254 245
909 4190 971 4254 551
984 4192 1048 4254 525
1060 4191 1124 4254 429
1142 4191 1204 4256 351
1225 4192 1286 4256 128
1306 4211 1355 4268 111,
1367 4194 1427 4260 207

303 4310 361 4370 ·1v,
374 4290 436 4354 641
453 4309 487 4364 11,
499 4293 561 4354 447
582 4309 628 4365 111,
642 4291 723 4356 1015
738 4293 813 4366 1v‚9
830 4310 859 4366 v,
871 4294 935 4356 559
947 4291 1009 4356 952
1026 4310 1067 4366 vr,
1081 4294 1143 4358 896
1157 4293 1238 4357 725.
1253 4289 1289 4353 in
1311 4291 1429 4371 quibus

319 4388 371 4454 vix
394 4387 562 4470 quiequam
585 4388 738 4454 memoria
760 4389 891 4471 dignum
915 4395 963 4453 est
985 4390 1072 4471 quod
1094 4409 1114 4453 a
1135 4390 1331 4456 membranis
1354 4412 1429 4457 nos-

319 4491 375 4555 tris
391 4489 534 4569 differat,
550 4490 612 4556 nisi
634 4491 667 4555 in
682 4491 743 4556 hoe
758 4492 799 4554 de
817 4509 882 4573 quo
898 4491 1024 4571 agimus
1038 4510 1133 4557 versu
1144 4496 1283 4579 pernitie
1299 4495 1428 4576 tollere,

319 4592 352 4657 in
367 4615 389 4675 1,
404 4597 463 4661 156
486 4592 535 4657 nil
544 4642 553 4674 ,
570 4598 632 4662 306
663 4596 827 4660 Umeaoortt
848 4593 935 4658 edem
957 4593 1148 4679 (impensae,
1163 4599 1227 4662 449
1250 4598 1428 4662 oonoinot’t.

318 4714 378 4778 pro
399 4697 561 4762 coniuncto
583 4695 723 4781 duobus,
746 4700 808 4766 779
822 4695 1071 4780 clandestinae,
1096 4694 1131 4760 in
1144 4718 1179 4776 11,
1190 4700 1254 4766 429
1280 4699 1430 4765 Titillare
