3509 5442
203 506 383 693 i'
788 555 833 620 n1
1298 561 1362 628 555

203 742 232 783 ’·
279 713 600 814 slossariisfioeoulam
622 732 654 792 et
666 727 841 813 fecetolam
861 725 1009 809 invenio,
1026 727 1112 810 apud
1134 727 1271 791 Nonium
1284 729 1362 812 fiee-

203 828 237 907 ud·
279 823 353 894 talam
375 836 407 895 et
429 830 665 916 querquetulam
680 849 711 912 p.
723 833 775 905 48,
788 832 830 896 20
845 833 918 906 274,
934 832 971 894 11
988 833 1039 907 91,
1052 834 1092 912 4,
1108 828 1194 912 apud
1216 829 1362 893 Plautum

203 952 231 988 rr·-
278 924 301 990 in
316 931 462 996 Asinaria
475 952 521 1009 111,
534 935 564 1009 3,
579 935 640 998 104
655 936 687 994 et
707 930 740 994 in
763 929 905 1013 Captivis
919 952 949 1010 v,
961 935 992 1008 4,
1005 936 1025 999 5
1039 932 1252 996 monaulum.
1269 930 1362 996 Luoi-

203 1049 222 1093 5
273 1027 296 1095 lii
315 1033 399 1116 apud
420 1031 559 1098 Nonium
586 1032 735 1098 versiculi
762 1031 808 1097 515
829 1029 960 1112 legendi
983 1037 1075 1110 sunt,
1096 1047 1124 1096 et
1145 1035 1263 1096 circum
1286 1033 1362 1096 voli-

203 1134 212 1195 ss‘
268 1148 322 1200 tant
334 1137 489 1222 flectatis,
506 1134 595 1199 sordi
608 1135 723 1201 Cureti
739 1136 835 1198 sorio:
851 1132 923 1197 libri
928 1134 1079 1218 ficetulao
1098 1139 1129 1196 et
1144 1135 1263 1198 curatis
1277 1136 1346 1198 soei
1354 1181 1361 1196 .

262 1235 295 1301 le
317 1238 450 1320 555515,
472 1255 555 1319 quae
577 1235 730 1300 55555515
752 1233 867 1300 dieitur
892 1233 926 1297 in
948 1234 1116 1315 glossariis
1138 1233 1280 1299 Labbaei
1305 1234 1363 1319 (ea

258 1338 389 1404 Graecis
411 1344 460 1404 est
480 1333 594 1422 κονίλη
617 1336 722 1400 media
745 1336 870 1420 syllaba
885 1335 1073 1420 producta),
1091 1335 1266 1418 expectabo
1281 1333 1363 1399 iudi-

256 1441 339 1506 tium
351 1439 543 1506 doctiorum.
556 1459 595 1505 ae
605 1438 699 1503 video
711 1437 884 1503 Ritsehelio
896 1437 938 1501 ad
949 1438 1165 1501 Trinummum
1182 1457 1212 1520 p.
1226 1458 1362 1498 ccnxxrx

252 1543 385 1624 probari
406 1544 544 1608 55511555
565 1538 670 1605 media
690 1536 856 1624 'correpta
1314 1521 1333 1541 ⁸

341 1649 435 1714 1016.
457 1666 504 1707 55
527 1665 619 1707 saxo
642 1665 773 1707 moros
795 1664 940 1721 55555,
965 1642 1100 1707 Prorsus
1116 1642 1246 1723 egregie
1268 1643 1362 1706 Lam·

252 1746 351 1811 binus
373 1749 467 1811 r'aoto'
488 1767 679 1809 5555555.
904 1827 907 1833 Ι

344 1853 439 1917 1017.
462 1849 653 1926 Vnnannn,
672 1866 1239 1924 5555155555,55555,515,555
1253 1865 1360 1920 5555,

253 1973 396 2014 aaron.
412 1948 595 2026 Quadratus
615 1942 792 2036 oarrrrflois.
808 1955 874 2013 tum
891 1948 1033 2013 eiusdem
1048 1951 1206 2013 corrector
1221 1948 1360 2029 lamina,

254 2054 365 2136 itaque
381 2053 523 2118 Venetus
539 2051 641 2117 editor
661 2058 692 2115 et
706 2051 880 2116 Marullus.
897 2051 957 2115 hoo
978 2051 1095 2116 rectius
1110 2048 1258 2115 scribitur
1271 2071 1362 2112 nnn·

253 2176 367 2234 nms;
384 2154 434 2219 oui
457 2174 512 2219 our
527 2152 703 2219 breviorem
718 2153 871 2230 formam,
889 2172 971 2235 quae
987 2159 1035 2218 est
1050 2154 1177 2234 lomna,
1193 2150 1249 2214 Ph.
1265 2152 1362 2233 Wag-

253 2277 351 2322 nerus
374 2257 542 2323 adversari.
558 2257 642 2323 dieat
662 2255 696 2319 in
719 2255 944 2339 orthographia
966 2255 1151 2336 Vergiliana
1164 2275 1195 2338 p.
1211 2259 1276 2322 444
1297 2275 1362 2318 non

255 2379 433 2442 assequor.
450 2360 618 2424 lamminae
640 2357 727 2442 apud
749 2359 941 2423 Frontonem
963 2377 993 2440 p.
1010 2362 1093 2440 240,
1111 2359 1262 2421 lammina
1284 2359 1361 2421 Pru·
1465 2361 1469 2370 '

255 2461 384 2527 dontius
409 2458 534 2550 Heinsii
554 2459 623 2543 pen'
645 2459 745 2543 steph.
761 2465 791 2537 5,
805 2464 866 2539 62,
888 2460 934 2524 sio
954 2467 1045 2526 vetus
1068 2459 1170 2523 Plauti
1193 2459 1226 2522 in
1248 2459 1362 2525 Asina-

255 2565 301 2629 ria
322 2586 371 2642 nr,
387 2567 418 2641 2,
436 2567 482 2641 4,
504 2561 605 2626 eodex
631 2560 764 2627 Amobii
793 2561 874 2626 libro
894 2585 927 2624 vr
947 2583 977 2644 p.
995 2566 1052 2629 201
1075 2609 1082 2643 ,
1102 2559 1231 2624 Tacitus
1262 2560 1361 2624 Medi-

253 2685 330 2731 oeus
352 2663 589 2747 historiarum,
605 2668 664 2742 19,
686 2683 746 2729 555
768 2662 879 2728 debuit
901 2663 1008 2746 sperni
1029 2662 1061 2726 in
1077 2659 1182 2725 Ovidii
1206 2659 1360 2726 fastorum

253 2791 272 2847 1,
290 2773 377 2837 208.

343 2873 436 2936 1119.
460 2889 680 2938 rosnnroun
702 2889 929 2930 5555555555.
950 2866 1061 2931 Potest
1087 2865 1203 2947 aliquis
1228 2869 1285 2931 ori
1304 2865 1361 2931 fla·

249 2971 369 3053 gellis,
384 2973 502 3036 torreri
520 2991 584 3034 non
606 2975 729 3053 potest.
751 2971 790 3034 N.
814 2968 965 3034 Heinsius
986 2968 1018 3031 in
1041 2967 1233 3033 adversariis
1254 2989 1284 3052 p.
1300 2973 1359 3036 177

250 3087 455 3160 torquetque.
472 3072 529 3136 sed
551 3071 611 3136 hoe
626 3090 754 3153 quoque
768 3071 920 3135 nimium:
937 3070 1015 3135 satis
1037 3075 1085 3134 est
1106 3070 1231 3136 adbites
1252 3074 1359 3136 stimu-

251 3179 300 3242 los
324 3196 543 3245 rnannroun
554 3175 717 3261 stapellis.

346 3283 438 3346 1031.
462 3298 576 3340 55555
602 3298 662 3339 rsa
685 3299 850 3341 5555555
869 3326 875 3341 .
892 3279 940 3342 lta
955 3279 1114 3359 oblongus
1133 3277 1188 3341 :in
1205 3276 1360 3358 quadrato

249 3383 325 3465 ipsa
347 3379 451 3463 prima
471 3398 584 3443 manus
606 3397 646 3442 ex
668 3405 689 3443 o
710 3378 784 3444 feeit
805 3407 844 3444 a.
860 3380 894 3444 in
908 3403 951 3458 vr,
963 3385 1026 3449 538
1049 3385 1182 3461 uterque
1205 3381 1358 3444 1555555.

249 3485 284 3548 15
308 3480 425 3547 eodem
440 3484 503 3549 552
526 3482 658 3545 1555555
680 3479 784 3563 prima
805 3502 901 3546 manu
924 3483 1103 3562 oblongus,
1120 3482 1294 3564 quadratus
1315 3483 1328 3545 l
1349 3523 1360 3532 -

250 3581 422 3651 5555515
444 3581 618 3662 georgicon
632 3605 678 3666 111,
694 3588 756 3651 365
771 3583 937 3649 Medioeus
958 3585 1061 3667 prima
1082 3605 1178 3649 manu
1201 3585 1334 3648 lacunae
1351 3632 1357 3647 .

249 3687 314 3751 hoo
336 3703 400 3765 quo
424 3683 605 3748 oonfirmem
626 3691 752 3767 praeter
773 3687 920 3769 exempla
946 3687 981 3750 in
1003 3687 1184 3769 praesentia
1204 3685 1281 3755 nihil
1304 3685 1360 3748 ha·

251 3790 314 3854 beo
328 3811 336 3850 ε
350 3785 407 3850 sed
429 3783 527 3848 malui
549 3786 719 3851 observare
743 3793 774 3850 et
787 3789 924 3871 posteris
935 3788 1157 3852 illustrandum
1180 3787 1359 3868 relinquere

252 3907 371 3972 quam,
392 3883 480 3968 quod
506 3886 612 3951 adhue
638 3887 754 3953 laetum
779 3897 851 3968 est,
871 3890 1001 3954 oelare.
1025 3895 1164 3954 osterum
1189 3888 1261 3953 libri
1284 3888 1359 3952 olim

252 3986 402 4073 impressi
425 3991 456 4051 ei
476 3987 630 4052 Marullus
652 3990 768 4056 habent
789 4017 941 4077 superare
964 3994 1095 4056 1555555
1106 4017 1117 4073 ,·
1133 4011 1195 4072 quo
1218 3991 1358 4057 admisso

251 4099 360 4155 tamen
381 4109 447 4153 non
468 4089 587 4153 tollitur
608 4092 743 4157 molesta
764 4113 803 4156 ao
825 4111 956 4175 prorsus
977 4092 1185 4157 intolerabilis
1208 4093 1360 4159 orationis

251 4189 470 4258 abundantia.
488 4210 586 4272 quare
608 4192 714 4258 verius
738 4212 809 4258 esse
832 4213 948 4259 oenseo
963 4193 1144 4259 Lucretium
1166 4194 1225 4259 hos
1245 4213 1359 4260 versus

251 4293 356 4377 primo
379 4292 471 4356 aliter
493 4293 625 4376 scriptos
641 4275 790 4374 dedisse,
806 4315 890 4360 nuno
911 4302 1016 4361 autem
1033 4295 1146 4361 oeteris
1166 4296 1211 4360 ita
1232 4303 1267 4360 ut
1287 4273 1360 4362 sunt

251 4393 431 4460 constitutis
451 4392 536 4459 huno
557 4414 683 4460 versum
705 4402 937 4476 aoorreotore‚
955 4418 1050 4480 quom
1072 4416 1170 4480 saepe
1185 4398 1359 4479 neglegen-
1462 4440 1464 4444 -

248 4496 410 4562 tissimum
431 4494 530 4562 fuisse
544 4494 741 4577 videbimus,
757 4498 873 4564 iniuria
888 4507 1046 4566 servatum
1061 4518 1152 4578 5555,
1169 4519 1240 4565 oum
1263 4500 1359 4564 debe·

248 4604 299 4664 ret
322 4596 557 4664 eircumsoribi.
