<?xml version="1.0" encoding="UTF-8"?>
<!DOCTYPE html PUBLIC "-//W3C//DTD XHTML 1.0 Transitional//EN"
    "http://www.w3.org/TR/xhtml1/DTD/xhtml1-transitional.dtd">
<html xmlns="http://www.w3.org/1999/xhtml" xml:lang="en" lang="en">
 <head>
  <title>
</title>
<meta http-equiv="Content-Type" content="text/html;charset=utf-8" />
  <meta name='ocr-system' content='tesseract 3.04.00' />
  <meta name='ocr-capabilities' content='ocr_page ocr_carea ocr_par ocr_line ocrx_word'/>
</head>
<body>
  <div class='ocr_page' id='page_1' title='image "./carolilachmanni00lachgoog_0232.png"; bbox 0 0 3509 5442; ppageno 0'>
   <div class='ocr_carea' id='block_1_1' title="bbox 851 575 1426 654">
    <p class='ocr_par' dir='ltr' id='par_1_1' title="bbox 851 575 1426 654">
     <span class='ocr_line' id='line_1_1' title="bbox 851 575 1426 654; baseline 0.003 -2"><span class='ocrx_word' id='word_1_1' title='bbox 851 575 896 641; x_wconf 80' lang='lat' dir='ltr'>IV</span> <span class='ocrx_word' id='word_1_2' title='bbox 1362 587 1426 654; x_wconf 75' lang='lat'>227</span> 
     </span>
    </p>
   </div>
   <div class='ocr_carea' id='block_1_2' title="bbox 312 743 1433 2672">
    <p class='ocr_par' dir='ltr' id='par_1_2' title="bbox 312 743 1433 2672">
     <span class='ocr_line' id='line_1_2' title="bbox 312 743 1426 841; baseline 0.012 -32"><span class='ocrx_word' id='word_1_3' title='bbox 312 749 518 810; x_wconf 85' lang='lat' dir='ltr'>consonante</span> <span class='ocrx_word' id='word_1_4' title='bbox 532 762 644 810; x_wconf 89' lang='lat' dir='ltr'>versus</span> <span class='ocrx_word' id='word_1_5' title='bbox 655 743 777 813; x_wconf 83' lang='lat' dir='ltr'>Horatii</span> <span class='ocrx_word' id='word_1_6' title='bbox 788 744 896 826; x_wconf 88' lang='lat' dir='ltr'>labat,</span> <span class='ocrx_word' id='word_1_7' title='bbox 921 748 1083 834; x_wconf 69' lang='lat' dir='ltr'>Vdmnqo&#39;e</span> <span class='ocrx_word' id='word_1_8' title='bbox 1098 750 1154 814; x_wconf 81' lang='lat' dir='ltr'>sub</span> <span class='ocrx_word' id='word_1_9' title='bbox 1166 750 1238 816; x_wconf 71' lang='lat' dir='ltr'>dabo</span> <span class='ocrx_word' id='word_1_10' title='bbox 1254 767 1282 818; x_wconf 84' lang='lat' dir='ltr'>et</span> <span class='ocrx_word' id='word_1_11' title='bbox 1292 756 1426 841; x_wconf 65' lang='lat' dir='ltr'>trepidas</span> 
     </span>
     <span class='ocr_line' id='line_1_3' title="bbox 313 847 1426 933; baseline 0.011 -23"><span class='ocrx_word' id='word_1_12' title='bbox 313 861 416 933; x_wconf 66' lang='lat' dir='ltr'>apat:</span> <span class='ocrx_word' id='word_1_13' title='bbox 431 866 507 911; x_wconf 92' lang='lat' dir='ltr'>nam</span> <span class='ocrx_word' id='word_1_14' title='bbox 520 847 555 911; x_wconf 90' lang='lat' dir='ltr'>in</span> <span class='ocrx_word' id='word_1_15' title='bbox 568 855 664 912; x_wconf 82' lang='lat' dir='ltr'>versu</span> <span class='ocrx_word' id='word_1_16' title='bbox 685 847 738 913; x_wconf 76' lang='lat' dir='ltr'>doh</span> <span class='ocrx_word' id='word_1_17' title='bbox 761 862 788 913; x_wconf 85' lang='lat' dir='ltr'>et</span> <span class='ocrx_word' id='word_1_18' title='bbox 803 848 853 913; x_wconf 89' lang='lat' dir='ltr'>vel</span> <span class='ocrx_word' id='word_1_19' title='bbox 869 849 926 915; x_wconf 82' lang='lat' dir='ltr'>dio</span> <span class='ocrx_word' id='word_1_20' title='bbox 941 864 970 916; x_wconf 76' lang='lat' dir='ltr'>at</span> <span class='ocrx_word' id='word_1_21' title='bbox 983 849 1130 916; x_wconf 89' lang='lat' dir='ltr'>vitiosum</span> <span class='ocrx_word' id='word_1_22' title='bbox 1146 871 1218 918; x_wconf 90' lang='lat' dir='ltr'>esse</span> <span class='ocrx_word' id='word_1_23' title='bbox 1232 854 1369 922; x_wconf 90' lang='lat' dir='ltr'>vidimus</span> <span class='ocrx_word' id='word_1_24' title='bbox 1383 857 1426 922; x_wconf 90' lang='lat' dir='ltr'>ad</span> 
     </span>
     <span class='ocr_line' id='line_1_4' title="bbox 314 946 1427 1043; baseline 0.012 -32"><span class='ocrx_word' id='word_1_25' title='bbox 314 946 436 1013; x_wconf 92' lang='lat' dir='ltr'>librum</span> <span class='ocrx_word' id='word_1_26' title='bbox 451 972 498 1029; x_wconf 91' lang='lat'>111,</span> <span class='ocrx_word' id='word_1_27' title='bbox 510 953 592 1018; x_wconf 80' lang='lat'><strong>374.</strong></span> <span class='ocrx_word' id='word_1_28' title='bbox 608 948 642 1012; x_wconf 93' lang='lat' dir='ltr'>in</span> <span class='ocrx_word' id='word_1_29' title='bbox 656 947 778 1014; x_wconf 84' lang='lat' dir='ltr'>Afranii</span> <span class='ocrx_word' id='word_1_30' title='bbox 794 951 923 1016; x_wconf 85' lang='lat' dir='ltr'>senario</span> <span class='ocrx_word' id='word_1_31' title='bbox 939 953 1001 1039; x_wconf 87' lang='lat' dir='ltr'>(est</span> <span class='ocrx_word' id='word_1_32' title='bbox 1024 953 1109 1019; x_wconf 88' lang='lat' dir='ltr'>enim</span> <span class='ocrx_word' id='word_1_33' title='bbox 1122 954 1204 1022; x_wconf 84' lang='lat' dir='ltr'>inter</span> <span class='ocrx_word' id='word_1_34' title='bbox 1217 959 1325 1042; x_wconf 91' lang='lat' dir='ltr'>plures</span> <span class='ocrx_word' id='word_1_35' title='bbox 1339 959 1427 1043; x_wconf 91' lang='lat' dir='ltr'>apud</span> 
     </span>
     <span class='ocr_line' id='line_1_5' title="bbox 316 1049 1426 1144; baseline 0.011 -29"><span class='ocrx_word' id='word_1_36' title='bbox 316 1049 462 1116; x_wconf 89' lang='lat' dir='ltr'><strong>Nonium</strong></span> <span class='ocrx_word' id='word_1_37' title='bbox 476 1073 507 1135; x_wconf 90' lang='lat' dir='ltr'>p.</span> <span class='ocrx_word' id='word_1_38' title='bbox 520 1056 592 1131; x_wconf 78' lang='lat'>207,</span> <span class='ocrx_word' id='word_1_39' title='bbox 605 1051 660 1138; x_wconf 82' lang='lat'>33)</span> <span class='ocrx_word' id='word_1_40' title='bbox 680 1052 777 1116; x_wconf 88' lang='lat' dir='ltr'>miror</span> <span class='ocrx_word' id='word_1_41' title='bbox 799 1072 870 1119; x_wconf 81' lang='lat' dir='ltr'>esse</span> <span class='ocrx_word' id='word_1_42' title='bbox 886 1055 1029 1121; x_wconf 71' lang='lat' dir='ltr'>Solonius</span> <span class='ocrx_word' id='word_1_43' title='bbox 1050 1059 1234 1144; x_wconf 75' lang='lat' dir='ltr'>intempesta</span> <span class='ocrx_word' id='word_1_44' title='bbox 1256 1075 1348 1126; x_wconf 78' lang='lat' dir='ltr'>noctu</span> <span class='ocrx_word' id='word_1_45' title='bbox 1369 1065 1426 1127; x_wconf 79' lang='lat' dir='ltr'>sub</span> 
     </span>
     <span class='ocr_line' id='line_1_6' title="bbox 318 1152 1427 1244; baseline 0.01 -28"><span class='ocrx_word' id='word_1_46' title='bbox 318 1152 413 1235; x_wconf 83' lang='lat' dir='ltr'>divo,</span> <span class='ocrx_word' id='word_1_47' title='bbox 430 1154 534 1236; x_wconf 77' lang='lat' dir='ltr'>magis</span> <span class='ocrx_word' id='word_1_48' title='bbox 548 1154 646 1218; x_wconf 92' lang='lat' dir='ltr'>miror</span> <span class='ocrx_word' id='word_1_49' title='bbox 661 1152 774 1220; x_wconf 91' lang='lat' dir='ltr'>doctos</span> <span class='ocrx_word' id='word_1_50' title='bbox 789 1154 896 1221; x_wconf 83' lang='lat' dir='ltr'>facere</span> <span class='ocrx_word' id='word_1_51' title='bbox 914 1160 971 1222; x_wconf 82' lang='lat' dir='ltr'>sub</span> <span class='ocrx_word' id='word_1_52' title='bbox 993 1159 1066 1243; x_wconf 81' lang='lat' dir='ltr'>dio,</span> <span class='ocrx_word' id='word_1_53' title='bbox 1083 1162 1169 1244; x_wconf 93' lang='lat' dir='ltr'>quod</span> <span class='ocrx_word' id='word_1_54' title='bbox 1191 1164 1232 1229; x_wconf 91' lang='lat' dir='ltr'>ab</span> <span class='ocrx_word' id='word_1_55' title='bbox 1247 1162 1347 1228; x_wconf 91' lang='lat' dir='ltr'>altero</span> <span class='ocrx_word' id='word_1_56' title='bbox 1361 1183 1427 1228; x_wconf 93' lang='lat' dir='ltr'>non</span> 
     </span>
     <span class='ocr_line' id='line_1_7' title="bbox 318 1251 1427 1344; baseline 0.012 -26"><span class='ocrx_word' id='word_1_57' title='bbox 318 1251 446 1320; x_wconf 88' lang='lat' dir='ltr'>differt:</span> <span class='ocrx_word' id='word_1_58' title='bbox 468 1256 526 1322; x_wconf 90' lang='lat' dir='ltr'>sed</span> <span class='ocrx_word' id='word_1_59' title='bbox 548 1256 626 1339; x_wconf 90' lang='lat' dir='ltr'>quid</span> <span class='ocrx_word' id='word_1_60' title='bbox 647 1255 812 1322; x_wconf 85' lang='lat' dir='ltr'>Afranium</span> <span class='ocrx_word' id='word_1_61' title='bbox 834 1260 980 1341; x_wconf 78' lang='lat' dir='ltr'>posuisse</span> <span class='ocrx_word' id='word_1_62' title='bbox 1003 1260 1107 1327; x_wconf 88' lang='lat' dir='ltr'>dicam</span> <span class='ocrx_word' id='word_1_63' title='bbox 1133 1285 1197 1329; x_wconf 94' lang='lat' dir='ltr'>non</span> <span class='ocrx_word' id='word_1_64' title='bbox 1220 1265 1342 1344; x_wconf 88' lang='lat' dir='ltr'>habeo,</span> <span class='ocrx_word' id='word_1_65' title='bbox 1365 1265 1427 1331; x_wconf 92' lang='lat' dir='ltr'>nisi</span> 
     </span>
     <span class='ocr_line' id='line_1_8' title="bbox 317 1354 1425 1448; baseline 0.014 -29"><span class='ocrx_word' id='word_1_66' title='bbox 317 1354 401 1422; x_wconf 87' lang='lat' dir='ltr'>forte</span> <span class='ocrx_word' id='word_1_67' title='bbox 415 1361 480 1424; x_wconf 76' lang='lat' dir='ltr'>sub</span> <span class='ocrx_word' id='word_1_68' title='bbox 504 1361 594 1425; x_wconf 80' lang='lat' dir='ltr'>nice.</span> <span class='ocrx_word' id='word_1_69' title='bbox 609 1360 827 1442; x_wconf 88' lang='lat' dir='ltr'>perturbatum</span> <span class='ocrx_word' id='word_1_70' title='bbox 848 1361 987 1427; x_wconf 83' lang='lat' dir='ltr'>Phaedri</span> <span class='ocrx_word' id='word_1_71' title='bbox 1006 1365 1158 1431; x_wconf 87' lang='lat' dir='ltr'>Perottini</span> <span class='ocrx_word' id='word_1_72' title='bbox 1180 1387 1307 1433; x_wconf 87' lang='lat' dir='ltr'>versum</span> <span class='ocrx_word' id='word_1_73' title='bbox 1323 1373 1374 1448; x_wconf 81' lang='lat'>31,</span> <span class='ocrx_word' id='word_1_74' title='bbox 1387 1372 1425 1435; x_wconf 91' lang='grc'>11</span> 
     </span>
     <span class='ocr_line' id='line_1_9' title="bbox 319 1461 1426 1557; baseline 0.012 -35"><span class='ocrx_word' id='word_1_75' title='bbox 319 1479 386 1524; x_wconf 92' lang='lat' dir='ltr'>non</span> <span class='ocrx_word' id='word_1_76' title='bbox 403 1480 502 1541; x_wconf 88' lang='lat' dir='ltr'>curo,</span> <span class='ocrx_word' id='word_1_77' title='bbox 518 1461 573 1544; x_wconf 88' lang='lat' dir='ltr'>qui</span> <span class='ocrx_word' id='word_1_78' title='bbox 586 1461 631 1526; x_wconf 88' lang='lat' dir='ltr'>ita</span> <span class='ocrx_word' id='word_1_79' title='bbox 645 1462 782 1545; x_wconf 90' lang='lat' dir='ltr'>scriptus</span> <span class='ocrx_word' id='word_1_80' title='bbox 797 1462 919 1543; x_wconf 82' lang='lat' dir='ltr'>editur,</span> <span class='ocrx_word' id='word_1_81' title='bbox 935 1468 1008 1531; x_wconf 80' lang='lat' dir='ltr'>Non</span> <span class='ocrx_word' id='word_1_82' title='bbox 1023 1492 1093 1533; x_wconf 82' lang='lat' dir='ltr'>som</span> <span class='ocrx_word' id='word_1_83' title='bbox 1108 1472 1142 1534; x_wconf 82' lang='lat' dir='ltr'>io</span> <span class='ocrx_word' id='word_1_84' title='bbox 1154 1495 1264 1557; x_wconf 78' lang='lat' dir='ltr'>campo</span> <span class='ocrx_word' id='word_1_85' title='bbox 1272 1495 1340 1557; x_wconf 84' lang='lat' dir='ltr'>par</span> <span class='ocrx_word' id='word_1_86' title='bbox 1355 1473 1426 1553; x_wconf 79' lang='lat' dir='ltr'>tibi,</span> 
     </span>
     <span class='ocr_line' id='line_1_10' title="bbox 318 1563 1428 1654; baseline 0.008 -28"><span class='ocrx_word' id='word_1_87' title='bbox 318 1563 377 1627; x_wconf 82' lang='lat' dir='ltr'>sed</span> <span class='ocrx_word' id='word_1_88' title='bbox 391 1588 463 1628; x_wconf 82' lang='lat' dir='ltr'>eum</span> <span class='ocrx_word' id='word_1_89' title='bbox 477 1566 534 1629; x_wconf 82' lang='lat' dir='ltr'>sub</span> <span class='ocrx_word' id='word_1_90' title='bbox 549 1564 621 1632; x_wconf 78' lang='lat' dir='ltr'>dio.</span> <span class='ocrx_word' id='word_1_91' title='bbox 637 1565 801 1648; x_wconf 78' lang='lat' dir='ltr'><em>subdiale,</em></span> <span class='ocrx_word' id='word_1_92' title='bbox 818 1565 970 1647; x_wconf 83' lang='lat' dir='ltr'>quoniam</span> <span class='ocrx_word' id='word_1_93' title='bbox 984 1569 1132 1634; x_wconf 78' lang='lat' dir='ltr'>subdival</span> <span class='ocrx_word' id='word_1_94' title='bbox 1142 1590 1269 1654; x_wconf 87' lang='lat' dir='ltr'>quoque</span> <span class='ocrx_word' id='word_1_95' title='bbox 1282 1591 1354 1637; x_wconf 80' lang='lat' dir='ltr'>esse</span> <span class='ocrx_word' id='word_1_96' title='bbox 1367 1569 1428 1637; x_wconf 88' lang='lat' dir='ltr'>fer-</span> 
     </span>
     <span class='ocr_line' id='line_1_11' title="bbox 319 1664 1433 1750; baseline 0.012 -22"><span class='ocrx_word' id='word_1_97' title='bbox 319 1669 392 1743; x_wconf 89' lang='lat' dir='ltr'>tur,</span> <span class='ocrx_word' id='word_1_98' title='bbox 409 1664 563 1748; x_wconf 84' lang='lat' dir='ltr'>producto</span> <span class='ocrx_word' id='word_1_99' title='bbox 587 1665 757 1732; x_wconf 90' lang='lat' dir='ltr'>dicendum</span> <span class='ocrx_word' id='word_1_100' title='bbox 780 1666 947 1747; x_wconf 88' lang='lat' dir='ltr'>existimo,</span> <span class='ocrx_word' id='word_1_101' title='bbox 964 1671 1109 1750; x_wconf 90' lang='lat' dir='ltr'>quamvis</span> <span class='ocrx_word' id='word_1_102' title='bbox 1130 1671 1164 1736; x_wconf 93' lang='lat' dir='ltr'>in</span> <span class='ocrx_word' id='word_1_103' title='bbox 1185 1671 1313 1739; x_wconf 90' lang='lat' dir='ltr'>flamine</span> <span class='ocrx_word' id='word_1_104' title='bbox 1335 1675 1433 1741; x_wconf 78' lang='lat' dir='ltr'>Diali</span> 
     </span>
     <span class='ocr_line' id='line_1_12' title="bbox 319 1766 1430 1858; baseline 0.01 -28"><span class='ocrx_word' id='word_1_105' title='bbox 319 1770 386 1830; x_wconf 88' lang='lat' dir='ltr'>tam</span> <span class='ocrx_word' id='word_1_106' title='bbox 409 1766 517 1834; x_wconf 88' lang='lat' dir='ltr'>brevis</span> <span class='ocrx_word' id='word_1_107' title='bbox 539 1767 579 1833; x_wconf 89' lang='lat' dir='ltr'>sit</span> <span class='ocrx_word' id='word_1_108' title='bbox 594 1769 720 1853; x_wconf 82' lang='lat' dir='ltr'>syllaba</span> <span class='ocrx_word' id='word_1_109' title='bbox 742 1788 838 1852; x_wconf 86' lang='lat' dir='ltr'>quarn</span> <span class='ocrx_word' id='word_1_110' title='bbox 859 1768 894 1832; x_wconf 93' lang='lat' dir='ltr'>in</span> <span class='ocrx_word' id='word_1_111' title='bbox 908 1772 1087 1838; x_wconf 68' lang='lat' dir='ltr'>consulibus</span> <span class='ocrx_word' id='word_1_112' title='bbox 1102 1775 1262 1858; x_wconf 81' lang='lat' dir='ltr'>diablus,</span> <span class='ocrx_word' id='word_1_113' title='bbox 1279 1775 1333 1858; x_wconf 92' lang='lat' dir='ltr'>qui</span> <span class='ocrx_word' id='word_1_114' title='bbox 1356 1782 1430 1841; x_wconf 92' lang='lat' dir='ltr'>sunt</span> 
     </span>
     <span class='ocr_line' id='line_1_13' title="bbox 319 1866 1430 1961; baseline 0.009 -29"><span class='ocrx_word' id='word_1_115' title='bbox 319 1866 354 1932; x_wconf 92' lang='lat' dir='ltr'>in</span> <span class='ocrx_word' id='word_1_116' title='bbox 374 1868 446 1933; x_wconf 93' lang='lat' dir='ltr'>ioco</span> <span class='ocrx_word' id='word_1_117' title='bbox 462 1917 470 1952; x_wconf 91' lang='lat'>,</span> <span class='ocrx_word' id='word_1_118' title='bbox 487 1876 583 1954; x_wconf 89' lang='lat' dir='ltr'>atque</span> <span class='ocrx_word' id='word_1_119' title='bbox 597 1870 631 1935; x_wconf 93' lang='lat' dir='ltr'>in</span> <span class='ocrx_word' id='word_1_120' title='bbox 645 1871 829 1937; x_wconf 77' lang='lat' dir='ltr'>noveodabb‘</span> <span class='ocrx_word' id='word_1_121' title='bbox 843 1872 994 1954; x_wconf 90' lang='lat' dir='ltr'>pulvere.</span> <span class='ocrx_word' id='word_1_122' title='bbox 1012 1874 1084 1939; x_wconf 81' lang='lat' dir='ltr'>dios</span> <span class='ocrx_word' id='word_1_123' title='bbox 1100 1875 1288 1940; x_wconf 87' lang='lat' dir='ltr'>adiectivum</span> <span class='ocrx_word' id='word_1_124' title='bbox 1304 1896 1430 1961; x_wconf 85' lang='lat' dir='ltr'>semper</span> 
     </span>
     <span class='ocr_line' id='line_1_14' title="bbox 320 1970 1429 2061; baseline 0.007 -27"><span class='ocrx_word' id='word_1_125' title='bbox 320 1970 527 2054; x_wconf 79' lang='lat' dir='ltr'><strong>producitur.</strong></span> <span class='ocrx_word' id='word_1_126' title='bbox 542 1971 775 2061; x_wconf 75' lang='lat' dir='ltr'>itaquefulpor</span> <span class='ocrx_word' id='word_1_127' title='bbox 790 1973 897 2052; x_wconf 77' lang='lat' dir='ltr'>dabor,</span> <span class='ocrx_word' id='word_1_128' title='bbox 915 1974 955 2039; x_wconf 88' lang='lat' dir='ltr'>de</span> <span class='ocrx_word' id='word_1_129' title='bbox 967 1995 1029 2058; x_wconf 92' lang='lat' dir='ltr'>quo</span> <span class='ocrx_word' id='word_1_130' title='bbox 1041 1976 1223 2058; x_wconf 84' lang='lat' dir='ltr'>nuperrime</span> <span class='ocrx_word' id='word_1_131' title='bbox 1234 1976 1314 2043; x_wconf 86' lang='lat' dir='ltr'>dixit</span> <span class='ocrx_word' id='word_1_132' title='bbox 1323 1979 1429 2044; x_wconf 81' lang='lat' dir='ltr'>Theo-</span> 
     </span>
     <span class='ocr_line' id='line_1_15' title="bbox 321 2072 1428 2163; baseline 0.014 -27"><span class='ocrx_word' id='word_1_133' title='bbox 321 2072 422 2140; x_wconf 93' lang='lat' dir='ltr'>dorus</span> <span class='ocrx_word' id='word_1_134' title='bbox 447 2075 673 2141; x_wconf 87' lang='lat' dir='ltr'>Mommsenius</span> <span class='ocrx_word' id='word_1_135' title='bbox 702 2074 736 2139; x_wconf 92' lang='lat' dir='ltr'>in</span> <span class='ocrx_word' id='word_1_136' title='bbox 762 2075 931 2142; x_wconf 86' lang='lat' dir='ltr'>annalibus</span> <span class='ocrx_word' id='word_1_137' title='bbox 958 2077 1119 2144; x_wconf 87' lang='lat' dir='ltr'>societatis</span> <span class='ocrx_word' id='word_1_138' title='bbox 1148 2080 1325 2163; x_wconf 88' lang='lat' dir='ltr'>Lipsiensis</span> <span class='ocrx_word' id='word_1_139' title='bbox 1346 2087 1428 2151; x_wconf 87' lang='grc'><strong>1849</strong></span> 
     </span>
     <span class='ocr_line' id='line_1_16' title="bbox 320 2171 1428 2268; baseline 0.003 -24"><span class='ocrx_word' id='word_1_140' title='bbox 320 2196 352 2260; x_wconf 86' lang='lat' dir='ltr'>p.</span> <span class='ocrx_word' id='word_1_141' title='bbox 365 2181 452 2256; x_wconf 82' lang='lat'>292,</span> <span class='ocrx_word' id='word_1_142' title='bbox 469 2196 659 2260; x_wconf 85' lang='lat' dir='ltr'>quamquam</span> <span class='ocrx_word' id='word_1_143' title='bbox 672 2171 820 2242; x_wconf 89' lang='lat' dir='ltr'>diurnum</span> <span class='ocrx_word' id='word_1_144' title='bbox 836 2183 884 2243; x_wconf 90' lang='lat' dir='ltr'>est</span> <span class='ocrx_word' id='word_1_145' title='bbox 899 2230 906 2258; x_wconf 91' lang='lat'>,</span> <span class='ocrx_word' id='word_1_146' title='bbox 922 2184 1030 2245; x_wconf 90' lang='lat' dir='ltr'>tamen</span> <span class='ocrx_word' id='word_1_147' title='bbox 1042 2181 1138 2246; x_wconf 90' lang='lat' dir='ltr'>etiam</span> <span class='ocrx_word' id='word_1_148' title='bbox 1149 2181 1253 2246; x_wconf 81' lang='lat' dir='ltr'>divom</span> <span class='ocrx_word' id='word_1_149' title='bbox 1264 2183 1428 2268; x_wconf 79' lang='lat' dir='ltr'>scribitur,</span> 
     </span>
     <span class='ocr_line' id='line_1_17' title="bbox 321 2278 1430 2365; baseline 0.006 -23"><span class='ocrx_word' id='word_1_150' title='bbox 321 2278 449 2343; x_wconf 90' lang='lat' dir='ltr'>scilicet</span> <span class='ocrx_word' id='word_1_151' title='bbox 468 2279 610 2359; x_wconf 84' lang='lat' dir='ltr'>lovium,</span> <span class='ocrx_word' id='word_1_152' title='bbox 632 2299 737 2362; x_wconf 87' lang='lat' dir='ltr'>neque</span> <span class='ocrx_word' id='word_1_153' title='bbox 768 2278 880 2344; x_wconf 91' lang='lat' dir='ltr'>eadem</span> <span class='ocrx_word' id='word_1_154' title='bbox 907 2283 1081 2365; x_wconf 86' lang='lat' dir='ltr'>quantitate</span> <span class='ocrx_word' id='word_1_155' title='bbox 1107 2288 1181 2348; x_wconf 93' lang='lat' dir='ltr'>sunt</span> <span class='ocrx_word' id='word_1_156' title='bbox 1201 2283 1374 2363; x_wconf 89' lang='lat' dir='ltr'>adverbia,</span> <span class='ocrx_word' id='word_1_157' title='bbox 1394 2290 1430 2349; x_wconf 92' lang='lat' dir='ltr'>ut</span> 
     </span>
     <span class='ocr_line' id='line_1_18' title="bbox 321 2380 1430 2471; baseline 0.005 -26"><span class='ocrx_word' id='word_1_158' title='bbox 321 2380 398 2446; x_wconf 75' lang='lat' dir='ltr'>daos</span> <span class='ocrx_word' id='word_1_159' title='bbox 421 2380 499 2466; x_wconf 87' lang='lat' dir='ltr'>(quo</span> <span class='ocrx_word' id='word_1_160' title='bbox 510 2380 661 2447; x_wconf 80' lang='lat' dir='ltr'>Titinium</span> <span class='ocrx_word' id='word_1_161' title='bbox 682 2402 775 2446; x_wconf 91' lang='lat' dir='ltr'>usum</span> <span class='ocrx_word' id='word_1_162' title='bbox 798 2400 869 2446; x_wconf 90' lang='lat' dir='ltr'>esse</span> <span class='ocrx_word' id='word_1_163' title='bbox 885 2382 1049 2449; x_wconf 83' lang='lat' dir='ltr'>Charisius</span> <span class='ocrx_word' id='word_1_164' title='bbox 1070 2384 1165 2449; x_wconf 84' lang='lat' dir='ltr'>refert</span> <span class='ocrx_word' id='word_1_165' title='bbox 1178 2405 1209 2468; x_wconf 91' lang='lat' dir='ltr'>p.</span> <span class='ocrx_word' id='word_1_166' title='bbox 1225 2386 1321 2471; x_wconf 82' lang='lat'>185),</span> <span class='ocrx_word' id='word_1_167' title='bbox 1337 2389 1430 2452; x_wconf 79' lang='lat' dir='ltr'>inter-</span> 
     </span>
     <span class='ocr_line' id='line_1_19' title="bbox 322 2483 1430 2571; baseline 0.005 -24"><span class='ocrx_word' id='word_1_168' title='bbox 322 2483 419 2565; x_wconf 78' lang='lat' dir='ltr'>dius,</span> <span class='ocrx_word' id='word_1_169' title='bbox 440 2483 558 2549; x_wconf 79' lang='lat' dir='ltr'>nudius</span> <span class='ocrx_word' id='word_1_170' title='bbox 572 2484 709 2549; x_wconf 90' lang='lat' dir='ltr'>tribreve</span> <span class='ocrx_word' id='word_1_171' title='bbox 726 2485 945 2571; x_wconf 62' lang='lat' dir='ltr'>partiarchis</span> <span class='ocrx_word' id='word_1_172' title='bbox 962 2485 1235 2551; x_wconf 88' lang='lat' dir='ltr'>adnumerandum</span> <span class='ocrx_word' id='word_1_173' title='bbox 1251 2493 1327 2570; x_wconf 92' lang='lat' dir='ltr'>puto</span> <span class='ocrx_word' id='word_1_174' title='bbox 1345 2511 1353 2550; x_wconf 73' lang='grc' dir='ltr'><strong><em>ε</em></strong></span> <span class='ocrx_word' id='word_1_175' title='bbox 1374 2486 1430 2553; x_wconf 84' lang='lat' dir='ltr'>ad·</span> 
     </span>
     <span class='ocr_line' id='line_1_20' title="bbox 321 2584 1430 2672; baseline 0.004 -23"><span class='ocrx_word' id='word_1_176' title='bbox 321 2584 440 2651; x_wconf 89' lang='lat' dir='ltr'>ieotive</span> <span class='ocrx_word' id='word_1_177' title='bbox 459 2586 575 2672; x_wconf 80' lang='lat' dir='ltr'>perdiu</span> <span class='ocrx_word' id='word_1_178' title='bbox 596 2604 692 2669; x_wconf 88' lang='lat' dir='ltr'>quam</span> <span class='ocrx_word' id='word_1_179' title='bbox 714 2591 798 2653; x_wconf 86' lang='lat' dir='ltr'>recto</span> <span class='ocrx_word' id='word_1_180' title='bbox 820 2606 924 2669; x_wconf 92' lang='lat' dir='ltr'>quove</span> <span class='ocrx_word' id='word_1_181' title='bbox 943 2593 1077 2653; x_wconf 90' lang='lat' dir='ltr'>accentu</span> <span class='ocrx_word' id='word_1_182' title='bbox 1097 2588 1275 2671; x_wconf 80' lang='lat' dir='ltr'>Appuleius</span> <span class='ocrx_word' id='word_1_183' title='bbox 1297 2587 1430 2670; x_wconf 86' lang='lat' dir='ltr'>dixerit,</span> 
     </span>
    </p>
   </div>
   <div class='ocr_carea' id='block_1_3' title="bbox 321 2687 1538 2774">
    <p class='ocr_par' dir='ltr' id='par_1_3' title="bbox 321 2687 1538 2774">
     <span class='ocr_line' id='line_1_21' title="bbox 321 2687 1538 2774; baseline 0.002 -22"><span class='ocrx_word' id='word_1_184' title='bbox 321 2687 439 2770; x_wconf 80' lang='lat' dir='ltr'>ignoro</span> <span class='ocrx_word' id='word_1_185' title='bbox 453 2688 609 2774; x_wconf 63' lang='lat' dir='ltr'>prodibo</span> <span class='ocrx_word' id='word_1_186' title='bbox 629 2688 782 2754; x_wconf 89' lang='lat' dir='ltr'>Varronis</span> <span class='ocrx_word' id='word_1_187' title='bbox 804 2687 909 2773; x_wconf 90' lang='lat' dir='ltr'>(apud</span> <span class='ocrx_word' id='word_1_188' title='bbox 930 2689 1070 2754; x_wconf 88' lang='lat' dir='ltr'>Nonium</span> <span class='ocrx_word' id='word_1_189' title='bbox 1084 2710 1115 2772; x_wconf 92' lang='lat' dir='ltr'>p.</span> <span class='ocrx_word' id='word_1_190' title='bbox 1127 2689 1186 2774; x_wconf 76' lang='lat'>47)</span> <span class='ocrx_word' id='word_1_191' title='bbox 1209 2689 1317 2755; x_wconf 86' lang='lat' dir='ltr'>differt</span> <span class='ocrx_word' id='word_1_192' title='bbox 1333 2715 1340 2754; x_wconf 90' lang='lat'>:</span> <span class='ocrx_word' id='word_1_193' title='bbox 1356 2711 1430 2755; x_wconf 90' lang='lat' dir='ltr'>nam</span> <span class='ocrx_word' id='word_1_194' title='bbox 1536 2725 1538 2731; x_wconf 95' lang='lat'>·</span> 
     </span>
    </p>
   </div>
   <div class='ocr_carea' id='block_1_4' title="bbox 323 2788 1440 4892">
    <p class='ocr_par' dir='ltr' id='par_1_4' title="bbox 323 2788 1440 4892">
     <span class='ocr_line' id='line_1_22' title="bbox 323 2788 1431 2878; baseline 0 -22"><span class='ocrx_word' id='word_1_195' title='bbox 323 2790 447 2856; x_wconf 76' lang='lat' dir='ltr'>accedit</span> <span class='ocrx_word' id='word_1_196' title='bbox 454 2789 592 2876; x_wconf 74' lang='lat' dir='ltr'>prodabs</span> <span class='ocrx_word' id='word_1_197' title='bbox 616 2795 663 2855; x_wconf 81' lang='lat' dir='ltr'>est</span> <span class='ocrx_word' id='word_1_198' title='bbox 684 2792 762 2856; x_wconf 81' lang='lat' dir='ltr'>illoc</span> <span class='ocrx_word' id='word_1_199' title='bbox 770 2790 941 2878; x_wconf 77' lang='lat' dir='ltr'>prodoedc&#39;t</span> <span class='ocrx_word' id='word_1_200' title='bbox 959 2793 1116 2878; x_wconf 78' lang='lat' dir='ltr'>amplios.</span> <span class='ocrx_word' id='word_1_201' title='bbox 1133 2788 1270 2871; x_wconf 86' lang='lat' dir='ltr'>denique</span> <span class='ocrx_word' id='word_1_202' title='bbox 1286 2790 1362 2856; x_wconf 83' lang='lat' dir='ltr'>deos</span> <span class='ocrx_word' id='word_1_203' title='bbox 1377 2793 1431 2857; x_wconf 77' lang='lat' dir='ltr'>Fi·</span> 
     </span>
     <span class='ocr_line' id='line_1_23' title="bbox 324 2890 1434 2978; baseline -0.001 -19"><span class='ocrx_word' id='word_1_204' title='bbox 324 2895 402 2959; x_wconf 80' lang='lat' dir='ltr'>dios</span> <span class='ocrx_word' id='word_1_205' title='bbox 422 2891 470 2978; x_wconf 92' lang='lat' dir='ltr'>(in</span> <span class='ocrx_word' id='word_1_206' title='bbox 482 2892 636 2957; x_wconf 86' lang='lat' dir='ltr'>Varronis</span> <span class='ocrx_word' id='word_1_207' title='bbox 662 2892 702 2957; x_wconf 91' lang='lat' dir='ltr'>de</span> <span class='ocrx_word' id='word_1_208' title='bbox 722 2892 835 2974; x_wconf 83' lang='lat' dir='ltr'>lingua</span> <span class='ocrx_word' id='word_1_209' title='bbox 855 2891 971 2956; x_wconf 90' lang='lat' dir='ltr'>Latina</span> <span class='ocrx_word' id='word_1_210' title='bbox 985 2914 1005 2955; x_wconf 87' lang='lat' dir='ltr'>v</span> <span class='ocrx_word' id='word_1_211' title='bbox 1020 2913 1051 2975; x_wconf 92' lang='lat' dir='ltr'>p.</span> <span class='ocrx_word' id='word_1_212' title='bbox 1063 2897 1105 2960; x_wconf 78' lang='lat'>58</span> <span class='ocrx_word' id='word_1_213' title='bbox 1120 2890 1322 2957; x_wconf 84' lang='lat' dir='ltr'>Florentinus</span> <span class='ocrx_word' id='word_1_214' title='bbox 1344 2892 1434 2978; x_wconf 80' lang='lat' dir='ltr'>apud</span> 
     </span>
     <span class='ocr_line' id='line_1_24' title="bbox 323 2990 1432 3081; baseline -0.004 -20"><span class='ocrx_word' id='word_1_215' title='bbox 323 2995 435 3061; x_wconf 82' lang='lat' dir='ltr'>aedem</span> <span class='ocrx_word' id='word_1_216' title='bbox 457 2995 495 3060; x_wconf 84' lang='lat' dir='ltr'>de</span> <span class='ocrx_word' id='word_1_217' title='bbox 510 2994 575 3060; x_wconf 82' lang='lat' dir='ltr'>ide</span> <span class='ocrx_word' id='word_1_218' title='bbox 587 2990 668 3081; x_wconf 82' lang='lat' dir='ltr'>fidi)</span> <span class='ocrx_word' id='word_1_219' title='bbox 690 3014 762 3059; x_wconf 90' lang='lat' dir='ltr'>oum</span> <span class='ocrx_word' id='word_1_220' title='bbox 777 2994 850 3059; x_wconf 82' lang='lat' dir='ltr'>dios</span> <span class='ocrx_word' id='word_1_221' title='bbox 865 2995 980 3059; x_wconf 77' lang='lat' dir='ltr'>hb’dios</span> <span class='ocrx_word' id='word_1_222' title='bbox 995 2992 1128 3077; x_wconf 83' lang='lat' dir='ltr'>dicitur,</span> <span class='ocrx_word' id='word_1_223' title='bbox 1146 2996 1161 3058; x_wconf 79' lang='lat' dir='ltr'>i</span> <span class='ocrx_word' id='word_1_224' title='bbox 1171 2991 1325 3076; x_wconf 90' lang='lat' dir='ltr'>producte</span> <span class='ocrx_word' id='word_1_225' title='bbox 1341 2993 1432 3059; x_wconf 87' lang='lat' dir='ltr'>effer-</span> 
     </span>
     <span class='ocr_line' id='line_1_25' title="bbox 324 3087 1431 3180; baseline -0.005 -17"><span class='ocrx_word' id='word_1_226' title='bbox 324 3104 398 3175; x_wconf 89' lang='lat' dir='ltr'>tur,</span> <span class='ocrx_word' id='word_1_227' title='bbox 412 3096 446 3161; x_wconf 93' lang='lat' dir='ltr'>in</span> <span class='ocrx_word' id='word_1_228' title='bbox 472 3094 620 3161; x_wconf 89' lang='lat' dir='ltr'>Asinaria</span> <span class='ocrx_word' id='word_1_229' title='bbox 633 3087 739 3161; x_wconf 88' lang='lat' dir='ltr'>Plauti</span> <span class='ocrx_word' id='word_1_230' title='bbox 752 3119 774 3175; x_wconf 93' lang='lat'>1,</span> <span class='ocrx_word' id='word_1_231' title='bbox 789 3102 816 3178; x_wconf 90' lang='lat'>1,</span> <span class='ocrx_word' id='word_1_232' title='bbox 830 3103 849 3165; x_wconf 91' lang='lat'>8</span> <span class='ocrx_word' id='word_1_233' title='bbox 865 3098 929 3160; x_wconf 80' lang='lat' dir='ltr'>Per</span> <span class='ocrx_word' id='word_1_234' title='bbox 952 3095 1040 3161; x_wconf 74' lang='lat' dir='ltr'>debon</span> <span class='ocrx_word' id='word_1_235' title='bbox 1054 3094 1185 3160; x_wconf 63' lang='lat' dir='ltr'>ididiam</span> <span class='ocrx_word' id='word_1_236' title='bbox 1200 3096 1348 3180; x_wconf 68' lang='lat' dir='ltr'>quaeras.</span> <span class='ocrx_word' id='word_1_237' title='bbox 1364 3094 1431 3159; x_wconf 90' lang='lat' dir='ltr'>scio</span> 
     </span>
     <span class='ocr_line' id='line_1_26' title="bbox 326 3194 1432 3281; baseline -0.003 -18"><span class='ocrx_word' id='word_1_238' title='bbox 326 3198 458 3281; x_wconf 91' lang='lat' dir='ltr'>quidem</span> <span class='ocrx_word' id='word_1_239' title='bbox 472 3217 537 3262; x_wconf 91' lang='lat' dir='ltr'>non</span> <span class='ocrx_word' id='word_1_240' title='bbox 551 3195 657 3262; x_wconf 92' lang='lat' dir='ltr'>nullos</span> <span class='ocrx_word' id='word_1_241' title='bbox 673 3216 782 3261; x_wconf 90' lang='lat' dir='ltr'>eorum</span> <span class='ocrx_word' id='word_1_242' title='bbox 806 3195 861 3278; x_wconf 91' lang='lat' dir='ltr'>qui</span> <span class='ocrx_word' id='word_1_243' title='bbox 876 3196 1039 3262; x_wconf 79' lang='lat' dir='ltr'>Ciceronis</span> <span class='ocrx_word' id='word_1_244' title='bbox 1059 3195 1100 3262; x_wconf 93' lang='lat' dir='ltr'>de</span> <span class='ocrx_word' id='word_1_245' title='bbox 1113 3202 1237 3262; x_wconf 89' lang='lat' dir='ltr'>oratore</span> <span class='ocrx_word' id='word_1_246' title='bbox 1251 3194 1351 3260; x_wconf 90' lang='lat' dir='ltr'>libros</span> <span class='ocrx_word' id='word_1_247' title='bbox 1365 3194 1432 3260; x_wconf 91' lang='lat' dir='ltr'>edi·</span> 
     </span>
     <span class='ocr_line' id='line_1_27' title="bbox 327 3295 1433 3381; baseline -0.003 -16"><span class='ocrx_word' id='word_1_248' title='bbox 327 3299 447 3367; x_wconf 90' lang='lat' dir='ltr'>derunt</span> <span class='ocrx_word' id='word_1_249' title='bbox 466 3298 501 3363; x_wconf 91' lang='lat' dir='ltr'>in</span> <span class='ocrx_word' id='word_1_250' title='bbox 514 3321 548 3378; x_wconf 88' lang='lat'>11,</span> <span class='ocrx_word' id='word_1_251' title='bbox 559 3303 624 3368; x_wconf 80' lang='lat'>274</span> <span class='ocrx_word' id='word_1_252' title='bbox 644 3318 756 3365; x_wconf 87' lang='lat' dir='ltr'>versus</span> <span class='ocrx_word' id='word_1_253' title='bbox 780 3298 937 3381; x_wconf 89' lang='lat' dir='ltr'>quosdam</span> <span class='ocrx_word' id='word_1_254' title='bbox 952 3298 1095 3365; x_wconf 92' lang='lat' dir='ltr'>mimicos</span> <span class='ocrx_word' id='word_1_255' title='bbox 1116 3304 1181 3364; x_wconf 92' lang='lat' dir='ltr'>tam</span> <span class='ocrx_word' id='word_1_256' title='bbox 1195 3311 1347 3381; x_wconf 85' lang='lat' dir='ltr'>perverse</span> <span class='ocrx_word' id='word_1_257' title='bbox 1369 3295 1433 3362; x_wconf 91' lang='lat' dir='ltr'>dis-</span> 
     </span>
     <span class='ocr_line' id='line_1_28' title="bbox 325 3398 1433 3485; baseline -0.004 -19"><span class='ocrx_word' id='word_1_258' title='bbox 325 3400 483 3480; x_wconf 87' lang='lat' dir='ltr'>tinxisse,</span> <span class='ocrx_word' id='word_1_259' title='bbox 499 3405 534 3465; x_wconf 89' lang='lat' dir='ltr'>ut</span> <span class='ocrx_word' id='word_1_260' title='bbox 554 3400 787 3485; x_wconf 77' lang='lat' dir='ltr'>madabafldios</span> <span class='ocrx_word' id='word_1_261' title='bbox 801 3420 860 3484; x_wconf 92' lang='lat' dir='ltr'>pro</span> <span class='ocrx_word' id='word_1_262' title='bbox 879 3406 1053 3484; x_wconf 90' lang='lat' dir='ltr'>anapaesto</span> <span class='ocrx_word' id='word_1_263' title='bbox 1070 3407 1101 3466; x_wconf 90' lang='lat' dir='ltr'>et</span> <span class='ocrx_word' id='word_1_264' title='bbox 1112 3400 1239 3485; x_wconf 89' lang='lat' dir='ltr'>dactylo</span> <span class='ocrx_word' id='word_1_265' title='bbox 1255 3405 1359 3466; x_wconf 88' lang='lat' dir='ltr'>esset:</span> <span class='ocrx_word' id='word_1_266' title='bbox 1374 3398 1433 3465; x_wconf 89' lang='lat' dir='ltr'>sed</span> 
     </span>
     <span class='ocr_line' id='line_1_29' title="bbox 327 3501 1434 3587; baseline -0.004 -18"><span class='ocrx_word' id='word_1_267' title='bbox 327 3503 468 3569; x_wconf 89' lang='lat' dir='ltr'>editores</span> <span class='ocrx_word' id='word_1_268' title='bbox 483 3501 646 3568; x_wconf 78' lang='lat' dir='ltr'>Ciceronis</span> <span class='ocrx_word' id='word_1_269' title='bbox 660 3502 804 3586; x_wconf 87' lang='lat' dir='ltr'>plerique</span> <span class='ocrx_word' id='word_1_270' title='bbox 825 3502 888 3569; x_wconf 91' lang='lat' dir='ltr'>sibi</span> <span class='ocrx_word' id='word_1_271' title='bbox 907 3508 1008 3568; x_wconf 86' lang='lat' dir='ltr'>metra</span> <span class='ocrx_word' id='word_1_272' title='bbox 1021 3504 1169 3587; x_wconf 84' lang='lat' dir='ltr'>ignorare</span> <span class='ocrx_word' id='word_1_273' title='bbox 1183 3509 1275 3585; x_wconf 90' lang='lat' dir='ltr'>turpe</span> <span class='ocrx_word' id='word_1_274' title='bbox 1296 3522 1361 3566; x_wconf 92' lang='lat' dir='ltr'>non</span> <span class='ocrx_word' id='word_1_275' title='bbox 1377 3521 1434 3585; x_wconf 91' lang='lat' dir='ltr'>pu-</span> 
     </span>
     <span class='ocr_line' id='line_1_30' title="bbox 326 3603 1435 3690; baseline -0.004 -20"><span class='ocrx_word' id='word_1_276' title='bbox 326 3610 415 3690; x_wconf 89' lang='lat' dir='ltr'>tant,</span> <span class='ocrx_word' id='word_1_277' title='bbox 433 3603 489 3686; x_wconf 92' lang='lat' dir='ltr'>qui</span> <span class='ocrx_word' id='word_1_278' title='bbox 509 3605 543 3668; x_wconf 90' lang='lat' dir='ltr'>in</span> <span class='ocrx_word' id='word_1_279' title='bbox 557 3626 570 3666; x_wconf 92' lang='lat'>1</span> <span class='ocrx_word' id='word_1_280' title='bbox 584 3603 626 3670; x_wconf 90' lang='lat' dir='ltr'>de</span> <span class='ocrx_word' id='word_1_281' title='bbox 642 3604 753 3669; x_wconf 88' lang='lat' dir='ltr'>officiis</span> <span class='ocrx_word' id='word_1_282' title='bbox 770 3610 819 3683; x_wconf 88' lang='lat'>18,</span> <span class='ocrx_word' id='word_1_283' title='bbox 832 3611 894 3684; x_wconf 84' lang='lat'>60,</span> <span class='ocrx_word' id='word_1_284' title='bbox 909 3610 944 3668; x_wconf 93' lang='lat' dir='ltr'>ut</span> <span class='ocrx_word' id='word_1_285' title='bbox 964 3603 1026 3670; x_wconf 92' lang='lat' dir='ltr'>hoc</span> <span class='ocrx_word' id='word_1_286' title='bbox 1047 3625 1111 3670; x_wconf 95' lang='lat' dir='ltr'>uno</span> <span class='ocrx_word' id='word_1_287' title='bbox 1127 3604 1272 3688; x_wconf 88' lang='lat' dir='ltr'>exemplo</span> <span class='ocrx_word' id='word_1_288' title='bbox 1287 3610 1378 3682; x_wconf 87' lang='lat' dir='ltr'>utar,</span> <span class='ocrx_word' id='word_1_289' title='bbox 1395 3622 1435 3666; x_wconf 88' lang='lat' dir='ltr'>ex</span> 
     </span>
     <span class='ocr_line' id='line_1_31' title="bbox 328 3705 1434 3791; baseline -0.005 -19"><span class='ocrx_word' id='word_1_290' title='bbox 328 3706 449 3791; x_wconf 87' lang='lat' dir='ltr'>optimo</span> <span class='ocrx_word' id='word_1_291' title='bbox 465 3706 665 3791; x_wconf 82' lang='lat' dir='ltr'>septenario,</span> <span class='ocrx_word' id='word_1_292' title='bbox 683 3705 737 3789; x_wconf 90' lang='lat' dir='ltr'>qui</span> <span class='ocrx_word' id='word_1_293' title='bbox 752 3710 800 3771; x_wconf 83' lang='lat' dir='ltr'>est</span> <span class='ocrx_word' id='word_1_294' title='bbox 814 3705 909 3770; x_wconf 88' lang='lat' dir='ltr'>huius</span> <span class='ocrx_word' id='word_1_295' title='bbox 923 3707 1029 3786; x_wconf 87' lang='lat' dir='ltr'>modi,</span> <span class='ocrx_word' id='word_1_296' title='bbox 1052 3709 1112 3772; x_wconf 74' lang='lat' dir='ltr'>Vos</span> <span class='ocrx_word' id='word_1_297' title='bbox 1127 3710 1209 3772; x_wconf 76' lang='lat' dir='ltr'>enim</span> <span class='ocrx_word' id='word_1_298' title='bbox 1224 3710 1349 3771; x_wconf 80' lang='lat' dir='ltr'>iuvenes</span> <span class='ocrx_word' id='word_1_299' title='bbox 1364 3706 1434 3768; x_wconf 77' lang='lat' dir='ltr'>‹irai-</span> 
     </span>
     <span class='ocr_line' id='line_1_32' title="bbox 327 3802 1435 3897; baseline -0.007 -21"><span class='ocrx_word' id='word_1_300' title='bbox 327 3833 415 3876; x_wconf 81' lang='lat' dir='ltr'>mum</span> <span class='ocrx_word' id='word_1_301' title='bbox 427 3811 540 3897; x_wconf 68' lang='lat' dir='ltr'>peritis</span> <span class='ocrx_word' id='word_1_302' title='bbox 559 3810 761 3890; x_wconf 70' lang='lat' dir='ltr'>muliebrem,</span> <span class='ocrx_word' id='word_1_303' title='bbox 777 3808 837 3874; x_wconf 81' lang='lat' dir='ltr'>illo</span> <span class='ocrx_word' id='word_1_304' title='bbox 852 3811 946 3894; x_wconf 68' lang='lat' dir='ltr'>oirpd</span> <span class='ocrx_word' id='word_1_305' title='bbox 958 3810 1025 3872; x_wconf 82' lang='lat' dir='ltr'>oiri</span> <span class='ocrx_word' id='word_1_306' title='bbox 1031 3857 1040 3891; x_wconf 87' lang='lat'>,</span> <span class='ocrx_word' id='word_1_307' title='bbox 1056 3806 1201 3872; x_wconf 81' lang='lat' dir='ltr'>heroicos</span> <span class='ocrx_word' id='word_1_308' title='bbox 1220 3804 1332 3889; x_wconf 83' lang='lat' dir='ltr'>pingui</span> <span class='ocrx_word' id='word_1_309' title='bbox 1352 3802 1435 3887; x_wconf 83' lang='lat' dir='ltr'>pedo</span> 
     </span>
     <span class='ocr_line' id='line_1_33' title="bbox 328 3904 1436 3995; baseline -0.005 -20"><span class='ocrx_word' id='word_1_310' title='bbox 328 3909 563 3995; x_wconf 81' lang='lat' dir='ltr'>palimbacchio</span> <span class='ocrx_word' id='word_1_311' title='bbox 579 3909 765 3989; x_wconf 88' lang='lat' dir='ltr'>distinctos,</span> <span class='ocrx_word' id='word_1_312' title='bbox 780 3909 845 3987; x_wconf 85' lang='lat' dir='ltr'>ita,</span> <span class='ocrx_word' id='word_1_313' title='bbox 861 3910 929 3974; x_wconf 85' lang='lat' dir='ltr'>Illa</span> <span class='ocrx_word' id='word_1_314' title='bbox 944 3911 1055 3995; x_wconf 73' lang='lat' dir='ltr'>oirapo</span> <span class='ocrx_word' id='word_1_315' title='bbox 1077 3911 1157 3987; x_wconf 80' lang='lat' dir='ltr'>oiri,</span> <span class='ocrx_word' id='word_1_316' title='bbox 1174 3928 1233 3973; x_wconf 87' lang='lat' dir='ltr'>sua</span> <span class='ocrx_word' id='word_1_317' title='bbox 1254 3911 1323 3971; x_wconf 89' lang='lat' dir='ltr'>arte</span> <span class='ocrx_word' id='word_1_318' title='bbox 1345 3904 1436 3970; x_wconf 86' lang='lat' dir='ltr'>effin-</span> 
     </span>
     <span class='ocr_line' id='line_1_34' title="bbox 329 4005 1437 4094; baseline -0.006 -16"><span class='ocrx_word' id='word_1_319' title='bbox 329 4030 406 4094; x_wconf 83' lang='lat' dir='ltr'>gere</span> <span class='ocrx_word' id='word_1_320' title='bbox 433 4031 499 4077; x_wconf 93' lang='lat' dir='ltr'>non</span> <span class='ocrx_word' id='word_1_321' title='bbox 521 4012 729 4078; x_wconf 86' lang='lat' dir='ltr'>erubescant.</span> <span class='ocrx_word' id='word_1_322' title='bbox 751 4010 804 4076; x_wconf 91' lang='lat' dir='ltr'>isti</span> <span class='ocrx_word' id='word_1_323' title='bbox 829 4010 977 4076; x_wconf 89' lang='lat' dir='ltr'>versiculi</span> <span class='ocrx_word' id='word_1_324' title='bbox 1004 4009 1121 4074; x_wconf 89' lang='lat' dir='ltr'>mimici</span> <span class='ocrx_word' id='word_1_325' title='bbox 1147 4010 1193 4075; x_wconf 90' lang='lat' dir='ltr'>sio</span> <span class='ocrx_word' id='word_1_326' title='bbox 1219 4005 1437 4090; x_wconf 83' lang='lat' dir='ltr'>distinguendi</span> 
     </span>
     <span class='ocr_line' id='line_1_35' title="bbox 329 4110 1437 4200; baseline -0.004 -21"><span class='ocrx_word' id='word_1_327' title='bbox 329 4118 425 4193; x_wconf 85' lang='lat' dir='ltr'>suni,</span> <span class='ocrx_word' id='word_1_328' title='bbox 442 4113 522 4200; x_wconf 82' lang='lat' dir='ltr'>quid</span> <span class='ocrx_word' id='word_1_329' title='bbox 536 4127 580 4179; x_wconf 83' lang='lat' dir='ltr'>cst</span> <span class='ocrx_word' id='word_1_330' title='bbox 596 4115 655 4178; x_wconf 81' lang='lat' dir='ltr'>tibi</span> <span class='ocrx_word' id='word_1_331' title='bbox 666 4119 730 4178; x_wconf 77' lang='lat' dir='ltr'>istu</span> <span class='ocrx_word' id='word_1_332' title='bbox 744 4114 858 4178; x_wconf 82' lang='lat' dir='ltr'>mulier</span> <span class='ocrx_word' id='word_1_333' title='bbox 870 4115 884 4178; x_wconf 73' lang='lat' dir='ltr'>i</span> <span class='ocrx_word' id='word_1_334' title='bbox 898 4119 1000 4178; x_wconf 72' lang='lat' dir='ltr'>ocor.</span> <span class='ocrx_word' id='word_1_335' title='bbox 1016 4112 1141 4178; x_wconf 73' lang='lat' dir='ltr'>similo</span> <span class='ocrx_word' id='word_1_336' title='bbox 1155 4136 1203 4176; x_wconf 84' lang='lat' dir='ltr'>me</span> <span class='ocrx_word' id='word_1_337' title='bbox 1214 4110 1288 4176; x_wconf 75' lang='lat' dir='ltr'>dios</span> <span class='ocrx_word' id='word_1_338' title='bbox 1298 4110 1437 4177; x_wconf 69' lang='lat' dir='ltr'>Fidius:</span> 
     </span>
     <span class='ocr_line' id='line_1_36' title="bbox 329 4211 1437 4297; baseline -0.005 -16"><span class='ocrx_word' id='word_1_339' title='bbox 329 4215 479 4281; x_wconf 89' lang='lat' dir='ltr'>dicuntur</span> <span class='ocrx_word' id='word_1_340' title='bbox 499 4219 606 4279; x_wconf 87' lang='lat' dir='ltr'>autem</span> <span class='ocrx_word' id='word_1_341' title='bbox 627 4235 647 4279; x_wconf 90' lang='lat' dir='ltr'>a</span> <span class='ocrx_word' id='word_1_342' title='bbox 666 4214 707 4278; x_wconf 92' lang='lat' dir='ltr'>M.</span> <span class='ocrx_word' id='word_1_343' title='bbox 724 4213 829 4279; x_wconf 73' lang='lat' dir='ltr'>Tullio</span> <span class='ocrx_word' id='word_1_344' title='bbox 845 4213 1039 4279; x_wconf 72' lang='lat' dir='ltr'>subabsurda·</span> <span class='ocrx_word' id='word_1_345' title='bbox 1047 4263 1056 4296; x_wconf 92' lang='lat'>,</span> <span class='ocrx_word' id='word_1_346' title='bbox 1074 4213 1149 4295; x_wconf 92' lang='lat' dir='ltr'>quia</span> <span class='ocrx_word' id='word_1_347' title='bbox 1163 4211 1336 4278; x_wconf 89' lang='lat' dir='ltr'>similitudo</span> <span class='ocrx_word' id='word_1_348' title='bbox 1351 4211 1437 4297; x_wconf 85' lang='lat' dir='ltr'>oris,</span> 
     </span>
     <span class='ocr_line' id='line_1_37' title="bbox 330 4313 1416 4400; baseline -0.007 -18"><span class='ocrx_word' id='word_1_349' title='bbox 330 4335 415 4400; x_wconf 88' lang='lat' dir='ltr'>quae</span> <span class='ocrx_word' id='word_1_350' title='bbox 436 4315 471 4380; x_wconf 92' lang='lat' dir='ltr'>in</span> <span class='ocrx_word' id='word_1_351' title='bbox 493 4334 603 4381; x_wconf 89' lang='lat' dir='ltr'>sorore</span> <span class='ocrx_word' id='word_1_352' title='bbox 624 4315 729 4381; x_wconf 91' lang='lat' dir='ltr'>locum</span> <span class='ocrx_word' id='word_1_353' title='bbox 749 4315 865 4393; x_wconf 87' lang='lat' dir='ltr'>habet,</span> <span class='ocrx_word' id='word_1_354' title='bbox 883 4313 1016 4379; x_wconf 91' lang='lat' dir='ltr'>ridicule</span> <span class='ocrx_word' id='word_1_355' title='bbox 1037 4313 1071 4378; x_wconf 93' lang='lat' dir='ltr'>in</span> <span class='ocrx_word' id='word_1_356' title='bbox 1092 4332 1191 4379; x_wconf 94' lang='lat' dir='ltr'>uxore</span> <span class='ocrx_word' id='word_1_357' title='bbox 1213 4313 1416 4396; x_wconf 73' lang='lat' dir='ltr'>agnoscitur.</span> 
     </span>
     <span class='ocr_line' id='line_1_38' title="bbox 417 4416 1437 4486; baseline -0.005 -1"><span class='ocrx_word' id='word_1_358' title='bbox 417 4421 491 4486; x_wconf 79' lang='lat'>212.</span> <span class='ocrx_word' id='word_1_359' title='bbox 526 4438 642 4482; x_wconf 77' lang='lat' dir='ltr'>canno</span> <span class='ocrx_word' id='word_1_360' title='bbox 680 4438 889 4481; x_wconf 75' lang='lat' dir='ltr'>srnnnnnrx</span> <span class='ocrx_word' id='word_1_361' title='bbox 929 4438 1068 4480; x_wconf 77' lang='lat' dir='ltr'>snxnnx</span> <span class='ocrx_word' id='word_1_362' title='bbox 1101 4416 1240 4481; x_wconf 75' lang='lat' dir='ltr'>Sronsn</span> <span class='ocrx_word' id='word_1_363' title='bbox 1276 4433 1437 4480; x_wconf 74' lang='lat' dir='ltr'>russon-</span> 
     </span>
     <span class='ocr_line' id='line_1_39' title="bbox 329 4517 1439 4599; baseline -0.004 -16"><span class='ocrx_word' id='word_1_364' title='bbox 329 4541 429 4584; x_wconf 84' lang='lat' dir='ltr'>nnnr</span> <span class='ocrx_word' id='word_1_365' title='bbox 457 4542 493 4582; x_wconf 83' lang='lat' dir='ltr'>rx</span> <span class='ocrx_word' id='word_1_366' title='bbox 519 4540 618 4591; x_wconf 74' lang='lat' dir='ltr'>sons</span> <span class='ocrx_word' id='word_1_367' title='bbox 646 4541 853 4599; x_wconf 68' lang='lat' dir='ltr'>nrnrnnrrx</span> <span class='ocrx_word' id='word_1_368' title='bbox 876 4541 1016 4583; x_wconf 78' lang='lat' dir='ltr'>nuum.</span> <span class='ocrx_word' id='word_1_369' title='bbox 1038 4519 1163 4584; x_wconf 91' lang='lat' dir='ltr'>Durum</span> <span class='ocrx_word' id='word_1_370' title='bbox 1190 4517 1316 4583; x_wconf 89' lang='lat' dir='ltr'>dicendi</span> <span class='ocrx_word' id='word_1_371' title='bbox 1337 4536 1439 4598; x_wconf 86' lang='lat' dir='ltr'>genus</span> 
     </span>
     <span class='ocr_line' id='line_1_40' title="bbox 331 4616 1439 4708; baseline -0.007 -19"><span class='ocrx_word' id='word_1_372' title='bbox 331 4641 439 4707; x_wconf 84' lang='lat' dir='ltr'>nequo</span> <span class='ocrx_word' id='word_1_373' title='bbox 472 4621 719 4701; x_wconf 71' lang='lat' dir='ltr'>Lucretianum,</span> <span class='ocrx_word' id='word_1_374' title='bbox 748 4622 856 4689; x_wconf 80' lang='lat' dir='ltr'>sideru</span> <span class='ocrx_word' id='word_1_375' title='bbox 889 4625 924 4686; x_wconf 80' lang='lat' dir='ltr'>in</span> <span class='ocrx_word' id='word_1_376' title='bbox 961 4646 1060 4708; x_wconf 73' lang='lat' dir='ltr'>aquo,</span> <span class='ocrx_word' id='word_1_377' title='bbox 1081 4620 1269 4706; x_wconf 77' lang='lat' dir='ltr'>respondeat</span> <span class='ocrx_word' id='word_1_378' title='bbox 1305 4616 1420 4683; x_wconf 79' lang='lat' dir='ltr'>mundi</span> <span class='ocrx_word' id='word_1_379' title='bbox 1430 4667 1439 4700; x_wconf 81' lang='lat'>,</span> 
     </span>
     <span class='ocr_line' id='line_1_41' title="bbox 332 4717 1440 4801; baseline -0.007 -10"><span class='ocrx_word' id='word_1_380' title='bbox 332 4723 454 4794; x_wconf 85' lang='lat' dir='ltr'>omisso</span> <span class='ocrx_word' id='word_1_381' title='bbox 477 4724 635 4793; x_wconf 63' lang='lat' dir='ltr'>adorior</span> <span class='ocrx_word' id='word_1_382' title='bbox 656 4717 765 4792; x_wconf 86' lang='lat' dir='ltr'>dativo</span> <span class='ocrx_word' id='word_1_383' title='bbox 779 4748 786 4787; x_wconf 77' lang='grc' dir='ltr'><strong>ε</strong></span> <span class='ocrx_word' id='word_1_384' title='bbox 801 4742 876 4790; x_wconf 86' lang='lat' dir='ltr'>nam</span> <span class='ocrx_word' id='word_1_385' title='bbox 898 4724 1007 4790; x_wconf 69' lang='lat' dir='ltr'>erilem</span> <span class='ocrx_word' id='word_1_386' title='bbox 1026 4721 1143 4788; x_wconf 80' lang='lat' dir='ltr'>mundi</span> <span class='ocrx_word' id='word_1_387' title='bbox 1160 4726 1195 4784; x_wconf 91' lang='lat' dir='ltr'>ut</span> <span class='ocrx_word' id='word_1_388' title='bbox 1209 4719 1440 4801; x_wconf 81' lang='lat' dir='ltr'>coniungamus</span> 
     </span>
     <span class='ocr_line' id='line_1_42' title="bbox 1179 4822 1247 4892; baseline 0.029 -2"><span class='ocrx_word' id='word_1_389' title='bbox 1179 4822 1247 4892; x_wconf 72' lang='lat' dir='ltr'>ib*</span> 
     </span>
    </p>
   </div>
   <div class='ocr_carea' id='block_1_5' title="bbox 0 0 1783 5442">
    <p class='ocr_par' dir='ltr' id='par_1_5' title="bbox 0 0 1783 5442">
     <span class='ocr_line' id='line_1_43' title="bbox 0 0 1783 5442; baseline 0 0"><span class='ocrx_word' id='word_1_390' title='bbox 0 0 1783 5442; x_wconf 95' lang='lat' dir='ltr'> </span> 
     </span>
    </p>
   </div>
  </div>
 </body>
</html>
