3509 5442
328 556 389 622 144
609 552 901 633 ,nr

409 728 460 793 21.
489 745 629 787 sunone
656 744 854 786 nvnosrnos
883 743 1029 786 urruns
1055 723 1210 787 Inrnorr
1238 742 1283 784 nr
1312 741 1427 784 innon

324 847 479 890 ori-*ruso
503 847 641 890 nuurnn
663 846 794 888 armar.
811 825 925 906 Neque
948 825 980 889 in
1002 826 1159 909 asyndeto
1181 822 1249 889 ulla
1271 822 1429 904 elegantia

325 935 393 1008 est,
409 948 480 993 oum
502 928 544 992 ad
566 931 676 1015 inrepit
697 947 737 993 ex
753 925 976 1009 superioribus
999 927 1098 1010 repeti
1120 926 1236 991 debeat
1261 950 1318 990 aaa
1339 923 1428 990 sedes

324 1031 477 1107 deorum,
493 1034 528 1093 ut
538 1031 635 1112 paulo
650 1034 723 1113 post
737 1033 778 1097 69
795 1029 944 1115 derepeqoe
955 1053 1090 1094 remotae
1102 1047 1160 1110 ea,
1176 1026 1320 1112 (Iateper
1331 1024 1427 1102 enim,

324 1131 411 1215 quod
431 1130 650 1195 Wakefieldus
671 1130 804 1214 probat,
820 1128 905 1212 turpi
928 1149 1036 1195 errore
1058 1127 1186 1193 Brixiae
1207 1128 1358 1193 Veronae
1372 1129 1428 1194 Ve

323 1233 416 1300 netiir
444 1231 519 1296 olim
547 1232 736 1317 impressum
760 1229 821 1314 est)
839 1255 845 1294 :
865 1251 969 1314 neque
996 1230 1162 1297 Lueretius
1189 1229 1267 1296 alibi
1297 1251 1428 1313 usquam

322 1333 451 1399 lieentia
473 1354 493 1397 a
513 1335 689 1417 Forbigero
712 1334 754 1398 ad
776 1332 891 1397 librum
907 1337 980 1410 1,11
1004 1332 1094 1417 possi
1120 1329 1262 1396 mondum
1287 1331 1428 1398 exaultae

323 1435 463 1517 benigne
486 1434 666 1500 condonata
686 1454 764 1500 usus
787 1439 855 1511 est,
872 1434 930 1499 sed
953 1433 1185 1499 aGraeoaniea
1206 1438 1275 1498 arte
1290 1432 1428 1498 brevium

324 1536 520 1621 syllabarum
552 1535 827 1620 produoendarum
862 1534 1004 1601 studiose
1037 1535 1215 1600 abstinuit.
1236 1540 1323 1599 reete
1356 1553 1428 1616 ergo

323 1638 477 1703 Marullus
492 1660 688 1725 semperoun
704 1639 866 1703 innubilus
882 1639 988 1702 aether
1002 1638 1140 1724 Intepr't5
1159 1634 1246 1720 quod
1260 1635 1429 1720 respondet

324 1739 521 1819 Homericis,
538 1758 621 1822 quae
637 1744 711 1804 sunt
726 1738 758 1802 in
772 1737 937 1822 Odysseae
949 1743 1109 1821 sext044,
1126 1733 1214 1805 arta
1224 1730 1308 1820 μάλ’
1325 1732 1429 1822 αἴθρη

325 1842 504 1910 litaturus
527 1835 712 1928 ἀνέφελος.
729 1838 786 1904 sed
808 1846 975 1923 praeterea
994 1839 1199 1907 scribendum
1222 1844 1272 1905 est
1293 1853 1323 1905 et
1345 1841 1429 1926 larpe

324 1945 362 2009 di
384 1970 440 2011 oso
464 1946 580 2009 lumine
602 1963 757 2021 arumna,
779 1941 911 2005 deorum
934 1941 1051 2021 sedes,
1074 1962 1139 2007 non
1160 1940 1291 2020 aether,
1314 1939 1429 2004 lumine

323 2046 481 2112 aetheris:
505 2044 610 2111 ridere
638 2043 724 2109 enim
745 2043 892 2109 dicuntur
915 2062 999 2125 quae
1020 2042 1239 2123 illustrantur,
1260 2062 1327 2108 non
1349 2060 1428 2125 quae

194 2204 196 2208 ,
322 2147 501 2213 illustrant.
519 2145 605 2229 apud
625 2145 798 2209 Homerum
822 2143 921 2230 λευκὴ
945 2139 978 2211 δ’
1003 2142 1225 2232 ἐπιδέδρομεν
1247 2139 1369 2232 αἴγλη.

409 2255 459 2318 28.
483 2248 550 2311 H1s
573 2270 635 2311 uer
661 2269 707 2310 nn
730 2269 866 2312 eunus.
891 2249 990 2314 Recte
1010 2270 1062 2310 rur
1084 2246 1264 2313 Gronovius
1287 2247 1331 2312 ad
1351 2244 1428 2311 Livii

324 2373 378 2429 vn,
391 2355 454 2428 26,
470 2354 502 2413 et
522 2347 739 2413 Wakefieldus
760 2349 812 2414 ‘ex
833 2348 955 2431 ingenii
976 2349 1096 2433 proprii
1117 2347 1345 2415 divinabone‘.

408 2454 460 2519 29.
483 2449 590 2528 Quom
613 2472 842 2515 sronnronu.
864 2450 1019 2516 Aventius
1041 2449 1128 2538 quod
1148 2473 1203 2514 sic
1225 2464 1364 2516 ramora.

408 2558 460 2620 33.
483 2564 659 2615 strenuo·
673 2574 836 2615 rnncrrx
857 2573 957 2616 noro
978 2600 984 2615 .
1009 2550 1191 2628 Quadratus
1218 2554 1364 2618 admo.
1383 2551 1427 2616 in·

322 2652 521 2726 frain1v,47
534 2705 542 2732 ,
558 2653 612 2719 ubi
622 2653 799 2719 haeemale
810 2653 946 2736 repetita
958 2653 1127 2732 exhibent,
1143 2660 1277 2736 uterque
1292 2655 1425 2719 alamno.

322 2777 491 2820 maranno
521 2756 554 2820 in
581 2761 693 2838 quarto
715 2755 922 2836 Naugerius,
948 2755 981 2819 in
1008 2755 1099 2821 tertio
1128 2754 1319 2822 Oreeobius.
1340 2739 1375 2820 iri
1395 2777 1425 2832 11,

325 2861 406 2926 1055
428 2857 586 2938 oblongus
600 2871 752 2940 *aeteram
771 2855 1114 2939 quadratusoeterno.
1165 2915 1167 2918 ⁴

407 2963 458 3025 39.
493 2956 614 3022 Omnis
648 2980 885 3023 surrurvnnus
916 2980 1052 3022 nonrrs
1079 2980 1266 3022 nrononn.
1293 2959 1366 3025 Itali
1399 2965 1426 3024 et

321 3059 475 3124 Marullus
497 3082 752 3124 surrurvonus.
768 3061 801 3124 in
817 3082 859 3144 m,
871 3064 935 3129 419
951 3062 1204 3148 Saffortduntqoe
1226 3087 1287 3127 ouo
1309 3064 1425 3128 caelum

322 3163 478 3248 salapiae.

405 3268 457 3331 43.
481 3263 533 3326 Er
563 3286 603 3327 sn
627 3286 732 3327 seran
758 3285 872 3338 surus
901 3286 1074 3328 urrunnu
1097 3287 1296 3328 sandonus
1318 3287 1424 3331 nasu.

320 3362 503 3440 Quadratus
524 3367 605 3430 seiri
613 3415 620 3429 .
642 3370 709 3429 tum
730 3363 889 3445 oblongus
918 3370 949 3429 et
970 3365 1071 3431 Italioi
1095 3369 1216 3433 anabi:
1238 3366 1298 3432 sed
1319 3387 1425 3434 verum

321 3471 369 3530 est
389 3467 513 3530 animae
524 3515 533 3548 ‚
548 3465 647 3529 dandi
670 3483 766 3530 oasu.

404 3570 456 3633 44.
479 3567 557 3631 Nnc
579 3587 728 3630 rnosou
749 3615 756 3630 .
781 3567 831 3631 Ita
860 3567 1056 3650 quadratus:
1078 3568 1237 3653 oblongus
1254 3596 1423 3658 prorsum.

319 3688 412 3734 versu
432 3672 496 3736 514
518 3692 667 3752 prorsum
694 3667 778 3732 idem
806 3668 965 3751 oblongus
995 3690 1016 3734 a
1042 3677 1246 3737 oorreotore.
1272 3676 1425 3740 introsum

319 3775 452 3852 uterque
467 3768 501 3832 in
516 3791 562 3850 111,
575 3774 658 3851 534,
673 3769 748 3833 item
762 3795 872 3834 rosum
891 3770 924 3834 in
939 3793 985 3852 111,
1001 3773 1080 3841 1001
1098 3794 1140 3850 iv,
1153 3777 1216 3841 333
1231 3795 1262 3852 v,
1277 3778 1360 3841 749.
1376 3799 1425 3839 eo-

319 3897 388 3936 aom
414 3870 448 3934 in
469 3870 519 3935 bis
540 3869 631 3934 libris
653 3870 804 3952 seriptum
826 3891 890 3934 non
913 3872 998 3953 legi.
1021 3877 1161 3938 aeterum
1184 3873 1245 3938 bae
1265 3874 1424 3939 scribendi

319 3971 441 4036 ratione
459 4021 467 4050 ,
491 3992 555 4053 qua
577 3999 594 4037 r
615 3972 722 4036 littera
747 3978 820 4054 post
845 3972 988 4038 vooalem
1016 3973 1147 4056 longam
1174 3975 1327 4054 eliditur,
1348 3975 1424 4040 nibil

318 4072 478 4154 vulgatius
502 4079 569 4153 est,
592 4074 682 4139 ouius
703 4078 769 4138 turn
792 4095 868 4139 oasu
890 4074 1054 4139 immemor
1075 4075 1239 4142 Madvious
1263 4077 1297 4140 in
1319 4099 1353 4140 1v
1376 4077 1424 4142 ei-

319 4174 444 4237 oeronis
466 4172 506 4250 de
528 4173 644 4240 finibus
666 4180 707 4243 68
730 4194 795 4239 nou
817 4175 973 4241 intellexit
994 4177 1196 4243 scribendum
1219 4198 1291 4247 esse
1313 4180 1424 4265 Itaque

318 4298 414 4338 resae
436 4274 544 4340 eodem
565 4277 705 4356 ratione,
729 4296 792 4360 quo
814 4301 883 4349 sum
898 4280 1002 4362 paulo
1024 4294 1096 4345 onte
1117 4305 1214 4365 nouo,
1235 4281 1423 4362 haereditab5

318 4373 373 4439 ubi
403 4375 438 4438 in
465 4374 555 4440 libris
589 4380 637 4439 est
661 4376 774 4461 Itaque
800 4403 903 4442 usos.
927 4384 1017 4444 vetus
1044 4380 1146 4445 eodex
1177 4380 1422 4462 gromatieorum

317 4497 348 4559 p.
368 4480 438 4554 195,
456 4480 496 4543 12
520 4477 645 4544 duosam
666 4496 724 4559 pro
748 4477 913 4543 deorsum.

402 4582 455 4645 41.
476 4577 630 4643 Ixorunr
653 4599 816 4642 causan.
832 4578 904 4644 Itali
926 4604 1063 4646 cluss.
1081 4584 1139 4648 sed
1160 4603 1272 4650 versus
1294 4589 1338 4653 46
1362 4605 1439 4668 quo·

318 4679 502 4746 referendus
524 4685 628 4759 esset,
644 4685 717 4744 ante
740 4680 918 4745 Bentleium
940 4703 1035 4750 nemo
1057 4685 1239 4768 perspexit.
