3509 5442
849 560 895 626 m
1362 569 1422 654 143

313 730 422 816 ipsum
448 730 608 798 Antonius
633 731 724 797 Marii
753 731 905 796 exhibet.
932 730 1008 795 olim
1034 731 1180 815 impressi
1211 737 1243 798 01
1268 735 1423 800 Marullus

313 838 399 898 reule
422 833 450 897 E
474 836 608 900 tenebris
630 835 744 898 100110.

401 941 432 1003 7.
457 936 624 1001 Orcurrs.
646 934 698 999 Sic
722 935 902 1016 oblongus:
924 933 1099 1016 quadratus
1121 937 1242 1001 010110.
1263 938 1298 1002 in
1312 961 1346 1018 11,
1358 947 1422 1010 505

314 1040 451 1119 uterque
463 1063 592 1126 cycnea.
605 1035 764 1118 oblongus
773 1035 808 1100 in
823 1059 856 1114 11,
869 1039 989 1114 8241v‚
1005 1041 1061 1105 181
1075 1039 1139 1104 910
1150 1061 1265 1123 oppam
1277 1044 1308 1103 et
1319 1045 1421 1127 eppei,

315 1138 370 1202 ubi
393 1137 570 1220 quadratus
590 1165 606 1204 c
624 1137 759 1203 litteram
782 1137 928 1203 exhibet.
949 1138 1115 1203 Lucretius
1138 1143 1242 1202 utrum
1266 1138 1422 1206 Graecam

315 1259 356 1303 an
378 1239 529 1305 Latinam
549 1241 704 1306 rationem
726 1239 915 1322 praetulerit
935 1239 1043 1304 nescio
1057 1264 1065 1303 ε
1081 1246 1166 1305 certe
1188 1241 1345 1325 syllabam
1367 1263 1423 1309 ne-

316 1361 377 1422 que
401 1341 455 1406 hio
476 1363 579 1426 neque
601 1342 762 1424 Vergilius
784 1339 953 1423 corripuit.
971 1360 1010 1406 ea
1031 1347 1177 1426 correpta
1191 1344 1367 1410 Martialem
1388 1347 1420 1411 in

315 1465 357 1521 11,
372 1449 436 1512 103
452 1469 551 1532 oppco
563 1441 730 1527 scripsisse
744 1462 809 1506 non
823 1441 951 1507 videtur
961 1441 1132 1509 credibile.
1149 1465 1222 1510 mox
1238 1446 1423 1529 bediprima

316 1565 413 1609 manu
436 1545 615 1626 oblongus,
630 1544 728 1610 laedi
744 1543 830 1609 idem
853 1564 873 1608 a
895 1550 1073 1609 correctore
1094 1550 1126 1610 et
1148 1547 1341 1628 quadratus,
1357 1549 1423 1615 No-

316 1645 387 1710 nius
406 1666 438 1728 p.
456 1651 624 1728 306,901,
645 1649 719 1723 420,
732 1650 774 1715 32
790 1649 864 1711 oeci
872 1695 879 1710 .
902 1646 936 1710 in
951 1670 985 1725 11,
997 1652 1059 1715 367
1084 1647 1286 1714 membranae
1308 1652 1405 1718 laedi
1414 1703 1421 1718 .

317 1746 348 1810 in
370 1747 527 1813 Varronis
553 1747 594 1812 de
615 1746 728 1829 lingua
749 1747 864 1811 Latina
883 1770 904 1811 v
918 1768 949 1830 p.
962 1752 1003 1816 99
1023 1747 1186 1812 Mediceus
1212 1749 1313 1815 codex
1334 1752 1422 1837 (nam

317 1847 509 1931 Spengelius
535 1869 600 1913 non
628 1849 734 1914 omnia
761 1854 847 1913 recte
868 1849 1001 1931 rettulit)
1028 1851 1116 1913 ireos
1137 1851 1224 1934 qood
1242 1855 1421 1940 000111110-

317 1975 390 2015 aas.
408 1949 497 2036 qaod
516 1950 585 2015 illic
596 1949 711 2036 scedas
733 1954 767 2016 ia
791 1952 867 2016 lotio
890 1975 965 2016 rure
987 1954 1059 2036 [qui
1081 1953 1116 2014 ic
1137 1953 1212 2015 urbe
1234 1951 1351 2032 deleta]
1372 1958 1421 2021 le·

317 2050 375 2116 das
391 2053 453 2137 qui
471 2054 505 2116 ia
520 2053 596 2116 arbe
617 2065 651 2115 01
672 2055 706 2118 ia
726 2054 833 2118 multia
850 2074 890 2114 'A‘
907 2052 1016 2117 addito
1035 2053 1153 2117 aedua.
1169 2071 1263 2118 versu
1277 2057 1422 2139 proximo

317 2167 344 2217 ct
355 2155 463 2240 fortia
482 2151 557 2216 libri
579 2158 610 2218 et
631 2153 754 2219 Nonius
769 2176 800 2237 p.
813 2160 875 2223 306
889 2205 896 2232 ‚
912 2152 997 2218 idem
1019 2174 1049 2237 p.
1065 2157 1130 2222 420
1151 2179 1209 2220 oc.

403 2261 433 2322 9.
456 2256 539 2333 To,
559 2276 701 2333 aaran,
722 2278 762 2319 ns
789 2278 925 2349 nanum!
941 2277 1148 2318 ruvauron.
1176 2255 1343 2339 Oblongus
1370 2286 1421 2343 00,

318 2357 495 2439 quadratus
518 2381 553 2437 e,
568 2354 663 2421 huius
685 2363 844 2423 corrector
866 2362 905 2424 6.

405 2463 454 2525 11.
479 2479 593 2521 ouum
615 2480 771 2523 amana.
787 2462 885 2526 Recte
900 2459 1054 2525 Avantius
1075 2471 1229 2541 uratur,
1247 2464 1333 2545 quod
1347 2465 1423 2530 lima

316 2558 406 2624 nulla
428 2566 477 2625 est
497 2559 532 2623 in
554 2573 609 2624 ore
631 2560 739 2643 apium
752 2561 972 2644 pascentium,
989 2556 1115 2643 qualem
1129 2563 1238 2627 tribuit
1262 2565 1327 2630 aeri
1350 2567 1424 2631 sub-

317 2661 569 2744 tili,VitruviUS‚
591 2681 663 2725 eum
686 2661 762 2727 (11011
784 2661 818 2725 in
833 2685 864 2740 v,
876 2667 939 2740 9‚5
956 2664 1041 2748 quorl
1061 2688 1101 2728 esc
1121 2665 1278 2730 viridibus
1300 2670 1424 2733 subtilia
1467 2706 1470 2713 ·

318 2779 345 2828 ct
358 2777 545 2830 extenuatae
562 2775 617 2828 a’e'r
627 2778 760 2850 propter
778 2766 943 2829 motionem
963 2767 1106 2848 corporis
1126 2767 1259 2851 influens
1273 2769 1424 2852 perlimat

317 2868 470 2951 speciem,
485 2863 546 2928 hoc
568 2869 617 2929 est
631 2864 777 2929 oculum.
794 2864 927 2928 Horaba
942 2865 1052 2929 ludere
1068 2864 1174 2944 licuit,
1190 2869 1264 2931 Noc
1286 2871 1421 2934 1011001·

317 2967 405 3053 liquo
421 2967 593 3032 oratornec
609 2967 772 3033 commodo
787 2969 956 3053 qaisquam
970 2967 1096 3048 Ltbtot,
1114 2967 1206 3049 quasi
1222 2969 1392 3035 1100100011
1403 2990 1423 3034 a

317 3069 394 3134 lima
410 3065 611 3146 dicerentur3
628 3087 721 3150 quem
736 3065 908 3132 admodum
931 3072 962 3130 et
971 3066 1103 3132 Plautus
1117 3068 1198 3133 ludit
1209 3119 1217 3147 ‚
1230 3089 1301 3133 cum
1316 3070 1423 3136 dolam

319 3172 431 3236 dolari
449 3169 545 3247 dicit,
564 3175 595 3233 et
616 3169 715 3233 nostri
737 3168 882 3232 homines
905 3168 1019 3250 partim
1040 3169 1205 3247 iocantur,
1225 3172 1340 3253 partim
1365 3171 1423 3236 fal-

317 3272 445 3348 luntur,
467 3290 539 3334 cum
557 3272 697 3356 peruica-
719 3252 880 3335 deducunt
901 3288 921 3331 a
942 3273 1039 3334 ruben
1056 3320 1065 3353 ‚
1083 3291 1217 3352 quorum
1237 3272 1337 3337 altero
1358 3279 1424 3338 stu-

317 3372 406 3437 dium
428 3369 642 3454 significatur,
659 3372 758 3436 altero
782 3370 892 3452 quies.
909 3369 995 3453 apud
1010 3371 1189 3435 Phaedrum
1210 3372 1305 3454 inm,
1321 3380 1368 3454 10,
1381 3381 1424 3445 49

317 3473 392 3538 ferri
414 3492 479 3536 non
494 3471 589 3536 debet
609 3476 641 3536 01
651 3474 848 3538 mendacium
863 3473 1017 3539 Subtilior
1033 3474 1191 3556 librasset,
1208 3475 1266 3539 sed
1281 3497 1345 3540 non
1359 3483 1424 3541 tam

319 3594 391 3639 cum
413 3573 557 3638 Bentleio
585 3577 721 3639 rtbtatos
751 3573 955 3638 scribendum
978 3580 1026 3638 est
1048 3594 1143 3656 quam
1165 3580 1336 3659 rimasset,
1360 3598 1423 3660 quo

316 3681 446 3759 praeter
458 3673 653 3755 antiquiores
675 3676 761 3740 circa
784 3674 868 3739 idem
891 3681 1016 3757 tompus
1029 3674 1149 3739 Iliados
1169 3677 1325 3759 interpres
1347 3697 1424 3741 usus

318 3784 366 3842 est
379 3782 465 3855 456,
488 3775 633 3861 Undique
655 3779 813 3842 rimabact
835 3778 963 3840 laiatico
986 3800 1122 3861 corpora
1133 3779 1250 3863 ferro.

409 3884 457 3946 15.
480 3879 664 3942 Naronem
686 3900 808 3941 nanum
829 3897 961 3939 n1v1un
986 3898 1105 3938 maura
1128 3879 1424 3954 0003110900-

317 3979 428 4044 dratus
450 3992 608 4043 coortam.
623 3979 730 4062 inepte
752 3977 926 4042 Lambinus
947 3976 988 4040 de
1010 3978 1192 4043 coniectura
1213 3979 1333 4043 Donati
1352 3982 1424 4045 Ian-

317 4079 404 4146 nocti
426 4079 600 4144 Florentini
621 4080 710 4146 baud
730 4082 861 4146 dtbtbu:
879 4078 1018 4162 ineptius
1038 4080 1255 4145 Wakefieldus
1275 4095 1424 4148 00101000

316 4182 541 4264 interpretatur
568 4181 722 4245 rationem
751 4187 883 4246 naturae
911 4189 1040 4244 rer'um.
1064 4187 1149 4245 recte
1176 4181 1315 4247 Orellius
1341 4189 1424 4251 ratio

317 4297 372 4348 100
394 4284 496 4368 coepit
516 4286 692 4369 cooperari
710 4284 869 4347 Naturam
891 4306 996 4345 rerum
1007 4331 1016 4364 ‚
1032 4282 1143 4347 divina
1167 4298 1285 4358 010010,
1303 4285 1425 4352 scilicet

317 4391 400 4463 tua,
421 4403 567 4447 ooonrs
586 4435 593 4448 .
614 4385 693 4450 haec
716 4389 764 4449 est
785 4383 842 4447 illa
864 4378 938 4466 ἱερὰ
962 4379 1069 4470 σοφία
1087 4378 1320 4470 Ἐπικούρου,
1345 4387 1425 4452 haec

316 4486 371 4549 illa
387 4479 461 4571 10ρᾶ
477 4485 606 4574 κεφαλή
622 4481 642 4573 ἡ
660 4480 774 4571 πρώτη
796 4483 855 4571 τήν
877 4480 1003 4572 σοφίαν
1018 4483 1218 4569 ἐξευροῦσα,
1236 4486 1326 4552 cuius
1341 4508 1423 4551 sum-

300 4603 388 4651 'mae
410 4585 498 4668 apud
512 4586 665 4651 familiam
686 4586 817 4651 laudes.
833 4605 908 4649 mox
931 4601 1026 4651 totum
1048 4588 1139 4653 uitlco
1158 4614 1218 4674 per
1239 4593 1334 4654 10000
1353 4591 1428 4673 peri

316 4715 367 4754 ree
389 4687 483 4770 quasi
505 4709 545 4753 ex
567 4687 648 4752 libro
671 4686 772 4771 primo
795 4685 919 4752 Nonius
940 4686 1060 4770 profert
1080 4693 1250 4770 potas.
