<?xml version="1.0" encoding="UTF-8"?>
<!DOCTYPE html PUBLIC "-//W3C//DTD XHTML 1.0 Transitional//EN"
    "http://www.w3.org/TR/xhtml1/DTD/xhtml1-transitional.dtd">
<html xmlns="http://www.w3.org/1999/xhtml" xml:lang="en" lang="en">
 <head>
  <title>
</title>
<meta http-equiv="Content-Type" content="text/html;charset=utf-8" />
  <meta name='ocr-system' content='tesseract 3.04.00' />
  <meta name='ocr-capabilities' content='ocr_page ocr_carea ocr_par ocr_line ocrx_word'/>
</head>
<body>
  <div class='ocr_page' id='page_1' title='image "./carolilachmanni00lachgoog_0066.png"; bbox 0 0 3509 5442; ppageno 0'>
   <div class='ocr_carea' id='block_1_1' title="bbox 397 574 960 643">
    <p class='ocr_par' dir='ltr' id='par_1_1' title="bbox 397 574 960 643">
     <span class='ocr_line' id='line_1_1' title="bbox 397 574 960 643; baseline -0.012 0"><span class='ocrx_word' id='word_1_1' title='bbox 397 579 440 643; x_wconf 88' lang='lat'>60</span> <span class='ocrx_word' id='word_1_2' title='bbox 786 622 789 626; x_wconf 87' lang='lat'>-</span> <span class='ocrx_word' id='word_1_3' title='bbox 945 574 960 636; x_wconf 93' lang='grc' dir='ltr'><strong>Ι</strong></span> 
     </span>
    </p>
   </div>
   <div class='ocr_carea' id='block_1_2' title="bbox 372 739 1510 4812">
    <p class='ocr_par' dir='ltr' id='par_1_2' title="bbox 396 739 1506 1340">
     <span class='ocr_line' id='line_1_2' title="bbox 396 739 1504 823; baseline -0.004 -15"><span class='ocrx_word' id='word_1_4' title='bbox 396 765 507 809; x_wconf 88' lang='lat' dir='ltr'>versus</span> <span class='ocrx_word' id='word_1_5' title='bbox 528 742 680 809; x_wconf 83' lang='lat' dir='ltr'>Marullus</span> <span class='ocrx_word' id='word_1_6' title='bbox 703 741 838 806; x_wconf 88' lang='lat' dir='ltr'>delevit:</span> <span class='ocrx_word' id='word_1_7' title='bbox 860 742 994 808; x_wconf 82' lang='lat' dir='ltr'>restituit</span> <span class='ocrx_word' id='word_1_8' title='bbox 1015 743 1148 807; x_wconf 89' lang='lat' dir='ltr'>alterum</span> <span class='ocrx_word' id='word_1_9' title='bbox 1171 739 1361 817; x_wconf 83' lang='lat' dir='ltr'>Lambinus,</span> <span class='ocrx_word' id='word_1_10' title='bbox 1385 741 1418 804; x_wconf 93' lang='lat' dir='ltr'>in</span> <span class='ocrx_word' id='word_1_11' title='bbox 1441 763 1504 823; x_wconf 89' lang='lat' dir='ltr'>quo</span> 
     </span>
     <span class='ocr_line' id='line_1_3' title="bbox 398 842 1504 928; baseline -0.005 -18"><span class='ocrx_word' id='word_1_12' title='bbox 398 846 523 928; x_wconf 83' lang='lat' dir='ltr'>scripsit</span> <span class='ocrx_word' id='word_1_13' title='bbox 546 866 615 910; x_wconf 90' lang='lat' dir='ltr'>cum</span> <span class='ocrx_word' id='word_1_14' title='bbox 645 843 733 906; x_wconf 86' lang='lat' dir='ltr'>Italis</span> <span class='ocrx_word' id='word_1_15' title='bbox 755 846 958 908; x_wconf 64' lang='lat' dir='ltr'>mortomar.</span> <span class='ocrx_word' id='word_1_16' title='bbox 979 844 1055 908; x_wconf 92' lang='lat' dir='ltr'>mihi</span> <span class='ocrx_word' id='word_1_17' title='bbox 1076 848 1209 922; x_wconf 89' lang='lat' dir='ltr'>uterque</span> <span class='ocrx_word' id='word_1_18' title='bbox 1231 845 1336 906; x_wconf 90' lang='lat' dir='ltr'>rectus</span> <span class='ocrx_word' id='word_1_19' title='bbox 1357 842 1504 920; x_wconf 88' lang='lat' dir='ltr'>videtur,</span> 
     </span>
     <span class='ocr_line' id='line_1_4' title="bbox 398 943 1505 1029; baseline -0.002 -18"><span class='ocrx_word' id='word_1_20' title='bbox 398 945 426 1011; x_wconf 92' lang='lat' dir='ltr'>si</span> <span class='ocrx_word' id='word_1_21' title='bbox 448 946 577 1029; x_wconf 90' lang='lat' dir='ltr'>paulum</span> <span class='ocrx_word' id='word_1_22' title='bbox 605 946 819 1023; x_wconf 88' lang='lat' dir='ltr'>adiuventur,</span> <span class='ocrx_word' id='word_1_23' title='bbox 838 946 900 1010; x_wconf 92' lang='lat' dir='ltr'>hoe</span> <span class='ocrx_word' id='word_1_24' title='bbox 922 947 1038 1011; x_wconf 91' lang='lat' dir='ltr'>modo.</span> <span class='ocrx_word' id='word_1_25' title='bbox 1063 948 1233 1010; x_wconf 80' lang='lat' dir='ltr'>Praeterea</span> <span class='ocrx_word' id='word_1_26' title='bbox 1244 994 1252 1025; x_wconf 92' lang='lat'>,</span> <span class='ocrx_word' id='word_1_27' title='bbox 1275 964 1345 1008; x_wconf 94' lang='lat' dir='ltr'>cum</span> <span class='ocrx_word' id='word_1_28' title='bbox 1367 943 1440 1027; x_wconf 91' lang='lat' dir='ltr'>ipsa</span> <span class='ocrx_word' id='word_1_29' title='bbox 1463 964 1505 1009; x_wconf 86' lang='lat' dir='ltr'>ex</span> 
     </span>
     <span class='ocr_line' id='line_1_5' title="bbox 398 1048 1506 1135; baseline -0.001 -24"><span class='ocrx_word' id='word_1_30' title='bbox 398 1049 587 1130; x_wconf 80' lang='lat' dir='ltr'>alienigenis</span> <span class='ocrx_word' id='word_1_31' title='bbox 609 1054 771 1125; x_wconf 82' lang='lat' dir='ltr'>constent,</span> <span class='ocrx_word' id='word_1_32' title='bbox 795 1049 886 1113; x_wconf 74' lang='lat' dir='ltr'>tellus</span> <span class='ocrx_word' id='word_1_33' title='bbox 907 1073 988 1135; x_wconf 81' lang='lat' dir='ltr'>quae</span> <span class='ocrx_word' id='word_1_34' title='bbox 1010 1071 1142 1131; x_wconf 78' lang='lat' dir='ltr'>corpora</span> <span class='ocrx_word' id='word_1_35' title='bbox 1165 1071 1295 1131; x_wconf 80' lang='lat' dir='ltr'>cumque</span> <span class='ocrx_word' id='word_1_36' title='bbox 1316 1048 1394 1127; x_wconf 76' lang='lat' dir='ltr'>alit,</span> <span class='ocrx_word' id='word_1_37' title='bbox 1410 1061 1506 1132; x_wconf 73' lang='lat' dir='ltr'>nuper</span> 
     </span>
     <span class='ocr_line' id='line_1_6' title="bbox 398 1146 1505 1230; baseline -0.001 -17"><span class='ocrx_word' id='word_1_38' title='bbox 398 1149 509 1214; x_wconf 83' lang='lat' dir='ltr'>eadem</span> <span class='ocrx_word' id='word_1_39' title='bbox 534 1151 629 1215; x_wconf 90' lang='lat' dir='ltr'>nullis</span> <span class='ocrx_word' id='word_1_40' title='bbox 652 1149 722 1214; x_wconf 85' lang='lat' dir='ltr'>aliis</span> <span class='ocrx_word' id='word_1_41' title='bbox 747 1149 826 1214; x_wconf 91' lang='lat' dir='ltr'>cibis</span> <span class='ocrx_word' id='word_1_42' title='bbox 850 1156 882 1215; x_wconf 88' lang='lat' dir='ltr'>et</span> <span class='ocrx_word' id='word_1_43' title='bbox 898 1147 1056 1214; x_wconf 87' lang='lat' dir='ltr'>alimentis</span> <span class='ocrx_word' id='word_1_44' title='bbox 1079 1146 1141 1213; x_wconf 91' lang='lat' dir='ltr'>nisi</span> <span class='ocrx_word' id='word_1_45' title='bbox 1160 1168 1243 1230; x_wconf 87' lang='lat' dir='ltr'>quae</span> <span class='ocrx_word' id='word_1_46' title='bbox 1265 1152 1338 1213; x_wconf 89' lang='lat' dir='ltr'>sunt</span> <span class='ocrx_word' id='word_1_47' title='bbox 1352 1149 1407 1213; x_wconf 74' lang='lat' dir='ltr'>Ea</span> <span class='ocrx_word' id='word_1_48' title='bbox 1429 1149 1505 1212; x_wconf 77' lang='lat' dir='ltr'>olie-</span> 
     </span>
     <span class='ocr_line' id='line_1_7' title="bbox 398 1252 1182 1340; baseline -0.005 -24"><span class='ocrx_word' id='word_1_49' title='bbox 398 1256 542 1340; x_wconf 65' lang='lat' dir='ltr'>aipcnc‘s,</span> <span class='ocrx_word' id='word_1_50' title='bbox 561 1279 640 1339; x_wconf 80' lang='lat' dir='ltr'>quae</span> <span class='ocrx_word' id='word_1_51' title='bbox 661 1252 733 1335; x_wconf 86' lang='lat' dir='ltr'>ipsa</span> <span class='ocrx_word' id='word_1_52' title='bbox 754 1273 994 1314; x_wconf 77' lang='lat' dir='ltr'>An1nu1onu1s</span> <span class='ocrx_word' id='word_1_53' title='bbox 1017 1253 1182 1316; x_wconf 71' lang='lat' dir='ltr'>orabatur.</span> 
     </span>
    </p>

    <p class='ocr_par' dir='ltr' id='par_1_3' title="bbox 398 1350 1505 1743">
     <span class='ocr_line' id='line_1_8' title="bbox 484 1350 1505 1424; baseline -0.011 0"><span class='ocrx_word' id='word_1_54' title='bbox 484 1359 555 1424; x_wconf 78' lang='lat'><strong>882.</strong></span> <span class='ocrx_word' id='word_1_55' title='bbox 579 1356 731 1418; x_wconf 82' lang='lat' dir='ltr'>Ronoan</span> <span class='ocrx_word' id='word_1_56' title='bbox 755 1375 828 1415; x_wconf 81' lang='lat' dir='ltr'>cun</span> <span class='ocrx_word' id='word_1_57' title='bbox 855 1375 892 1415; x_wconf 83' lang='lat' dir='ltr'>1u</span> <span class='ocrx_word' id='word_1_58' title='bbox 920 1374 1297 1418; x_wconf 72' lang='lat' dir='ltr'>snx1ranunuurus.</span> <span class='ocrx_word' id='word_1_59' title='bbox 1322 1355 1395 1420; x_wconf 57' lang='lat'>884,</span> <span class='ocrx_word' id='word_1_60' title='bbox 1424 1350 1505 1416; x_wconf 81' lang='lat' dir='ltr'>Cum</span> 
     </span>
     <span class='ocr_line' id='line_1_9' title="bbox 398 1453 1503 1539; baseline -0.005 -19"><span class='ocrx_word' id='word_1_61' title='bbox 398 1479 527 1520; x_wconf 75' lang='lat' dir='ltr'>nsrrnr</span> <span class='ocrx_word' id='word_1_62' title='bbox 550 1480 585 1518; x_wconf 85' lang='lat' dir='ltr'>ru</span> <span class='ocrx_word' id='word_1_63' title='bbox 607 1477 774 1518; x_wconf 76' lang='lat' dir='ltr'>nnrrnnm</span> <span class='ocrx_word' id='word_1_64' title='bbox 795 1478 985 1520; x_wconf 75' lang='lat' dir='ltr'>ranarius</span> <span class='ocrx_word' id='word_1_65' title='bbox 1001 1453 1075 1518; x_wconf 82' lang='lat' dir='ltr'>Itali</span> <span class='ocrx_word' id='word_1_66' title='bbox 1100 1460 1132 1519; x_wconf 85' lang='lat' dir='ltr'>et</span> <span class='ocrx_word' id='word_1_67' title='bbox 1151 1455 1298 1539; x_wconf 88' lang='lat' dir='ltr'>impressi</span> <span class='ocrx_word' id='word_1_68' title='bbox 1321 1475 1503 1516; x_wconf 78' lang='lat' dir='ltr'>ramnus.</span> 
     </span>
     <span class='ocr_line' id='line_1_10' title="bbox 398 1557 1503 1641; baseline -0.002 -19"><span class='ocrx_word' id='word_1_69' title='bbox 398 1579 437 1623; x_wconf 86' lang='lat' dir='ltr'>ex</span> <span class='ocrx_word' id='word_1_70' title='bbox 459 1563 593 1638; x_wconf 90' lang='lat' dir='ltr'>utroque</span> <span class='ocrx_word' id='word_1_71' title='bbox 608 1575 704 1622; x_wconf 91' lang='lat' dir='ltr'>versu</span> <span class='ocrx_word' id='word_1_72' title='bbox 726 1579 761 1619; x_wconf 83' lang='lat' dir='ltr'>m</span> <span class='ocrx_word' id='word_1_73' title='bbox 776 1557 1043 1641; x_wconf 84' lang='lat' dir='ltr'>praepositionem</span> <span class='ocrx_word' id='word_1_74' title='bbox 1063 1557 1190 1621; x_wconf 87' lang='lat' dir='ltr'>sustulit</span> <span class='ocrx_word' id='word_1_75' title='bbox 1204 1557 1379 1632; x_wconf 88' lang='lat' dir='ltr'>Marullus,</span> <span class='ocrx_word' id='word_1_76' title='bbox 1396 1561 1503 1632; x_wconf 89' lang='lat' dir='ltr'>reete,</span> 
     </span>
     <span class='ocr_line' id='line_1_11' title="bbox 398 1657 1178 1743; baseline -0.003 -20"><span class='ocrx_word' id='word_1_77' title='bbox 398 1665 433 1723; x_wconf 89' lang='lat' dir='ltr'>ut</span> <span class='ocrx_word' id='word_1_78' title='bbox 456 1665 553 1743; x_wconf 88' lang='lat' dir='ltr'>puto,</span> <span class='ocrx_word' id='word_1_79' title='bbox 569 1657 629 1723; x_wconf 91' lang='lat' dir='ltr'>etsi</span> <span class='ocrx_word' id='word_1_80' title='bbox 652 1677 707 1721; x_wconf 94' lang='lat' dir='ltr'>cur</span> <span class='ocrx_word' id='word_1_81' title='bbox 728 1658 837 1723; x_wconf 87' lang='lat' dir='ltr'>addita</span> <span class='ocrx_word' id='word_1_82' title='bbox 859 1659 900 1724; x_wconf 92' lang='lat' dir='ltr'>sit</span> <span class='ocrx_word' id='word_1_83' title='bbox 921 1680 985 1723; x_wconf 92' lang='lat' dir='ltr'>non</span> <span class='ocrx_word' id='word_1_84' title='bbox 1006 1657 1178 1739; x_wconf 79' lang='lat' dir='ltr'>intellego.</span> 
     </span>
    </p>

    <p class='ocr_par' dir='ltr' id='par_1_4' title="bbox 398 1760 1505 2054">
     <span class='ocr_line' id='line_1_12' title="bbox 484 1760 1505 1839; baseline 0 -18"><span class='ocrx_word' id='word_1_85' title='bbox 484 1768 556 1830; x_wconf 79' lang='lat'>885.</span> <span class='ocrx_word' id='word_1_86' title='bbox 579 1772 711 1839; x_wconf 75' lang='lat' dir='ltr'>nnanrs</span> <span class='ocrx_word' id='word_1_87' title='bbox 735 1782 886 1832; x_wconf 83' lang='lat' dir='ltr'>cuooua</span> <span class='ocrx_word' id='word_1_88' title='bbox 911 1783 1025 1825; x_wconf 75' lang='lat' dir='ltr'>saara</span> <span class='ocrx_word' id='word_1_89' title='bbox 1041 1783 1230 1824; x_wconf 76' lang='lat' dir='ltr'>occasun.</span> <span class='ocrx_word' id='word_1_90' title='bbox 1246 1760 1505 1825; x_wconf 80' lang='lat' dir='ltr'>Marullusnna-</span> 
     </span>
     <span class='ocr_line' id='line_1_13' title="bbox 399 1861 1505 1946; baseline -0.002 -20"><span class='ocrx_word' id='word_1_91' title='bbox 399 1887 484 1942; x_wconf 70' lang='lat' dir='ltr'>aas,</span> <span class='ocrx_word' id='word_1_92' title='bbox 501 1870 605 1941; x_wconf 89' lang='lat' dir='ltr'>recte,</span> <span class='ocrx_word' id='word_1_93' title='bbox 623 1861 699 1944; x_wconf 89' lang='lat' dir='ltr'>quia</span> <span class='ocrx_word' id='word_1_94' title='bbox 720 1863 862 1944; x_wconf 87' lang='lat' dir='ltr'>sequitur</span> <span class='ocrx_word' id='word_1_95' title='bbox 884 1863 925 1927; x_wconf 87' lang='lat' dir='ltr'>ab</span> <span class='ocrx_word' id='word_1_96' title='bbox 948 1862 1060 1927; x_wconf 90' lang='lat' dir='ltr'>eodem</span> <span class='ocrx_word' id='word_1_97' title='bbox 1076 1863 1201 1928; x_wconf 77' lang='lat' dir='ltr'>decedat</span> <span class='ocrx_word' id='word_1_98' title='bbox 1216 1880 1404 1946; x_wconf 88' lang='lat' dir='ltr'>suspensum</span> <span class='ocrx_word' id='word_1_99' title='bbox 1420 1862 1505 1926; x_wconf 82' lang='lat' dir='ltr'>Her-</span> 
     </span>
     <span class='ocr_line' id='line_1_14' title="bbox 398 1965 1063 2054; baseline -0.003 -23"><span class='ocrx_word' id='word_1_100' title='bbox 398 1968 509 2031; x_wconf 75' lang='lat' dir='ltr'>barum</span> <span class='ocrx_word' id='word_1_101' title='bbox 528 1989 646 2054; x_wconf 73' lang='lat' dir='ltr'>perraro</span> <span class='ocrx_word' id='word_1_102' title='bbox 670 1979 698 2030; x_wconf 84' lang='lat' dir='ltr'>ct</span> <span class='ocrx_word' id='word_1_103' title='bbox 709 1965 829 2052; x_wconf 69' lang='lat' dir='ltr'>frupcc</span> <span class='ocrx_word' id='word_1_104' title='bbox 841 1965 1063 2052; x_wconf 75' lang='lat' dir='ltr'>frondesque.</span> 
     </span>
    </p>

    <p class='ocr_par' dir='ltr' id='par_1_5' title="bbox 397 2066 1507 2765">
     <span class='ocr_line' id='line_1_15' title="bbox 452 2066 1507 2147; baseline -0.005 -14"><span class='ocrx_word' id='word_1_105' title='bbox 452 2091 453 2095; x_wconf 70' lang='grc'>’</span> <span class='ocrx_word' id='word_1_106' title='bbox 484 2073 556 2137; x_wconf 75' lang='grc'><strong>896.</strong></span> <span class='ocrx_word' id='word_1_107' title='bbox 579 2067 629 2130; x_wconf 83' lang='lat' dir='ltr'>Er</span> <span class='ocrx_word' id='word_1_108' title='bbox 650 2088 805 2130; x_wconf 77' lang='lat' dir='ltr'>narrans</span> <span class='ocrx_word' id='word_1_109' title='bbox 827 2088 959 2130; x_wconf 84' lang='lat' dir='ltr'>nuncrs</span> <span class='ocrx_word' id='word_1_110' title='bbox 976 2089 1136 2131; x_wconf 73' lang='lat' dir='ltr'>curras.</span> <span class='ocrx_word' id='word_1_111' title='bbox 1152 2067 1270 2131; x_wconf 79' lang='lat' dir='ltr'>Dulcec</span> <span class='ocrx_word' id='word_1_112' title='bbox 1293 2066 1452 2147; x_wconf 90' lang='lat' dir='ltr'>oblongus</span> <span class='ocrx_word' id='word_1_113' title='bbox 1475 2071 1507 2129; x_wconf 86' lang='lat' dir='ltr'>et</span> 
     </span>
     <span class='ocr_line' id='line_1_16' title="bbox 398 2167 1506 2251; baseline -0.004 -17"><span class='ocrx_word' id='word_1_114' title='bbox 398 2169 573 2246; x_wconf 80' lang='lat' dir='ltr'>Antonius,</span> <span class='ocrx_word' id='word_1_115' title='bbox 590 2189 653 2231; x_wconf 93' lang='lat' dir='ltr'>non</span> <span class='ocrx_word' id='word_1_116' title='bbox 673 2167 840 2251; x_wconf 90' lang='lat' dir='ltr'>impressi.</span> <span class='ocrx_word' id='word_1_117' title='bbox 857 2190 1002 2232; x_wconf 78' lang='lat' dir='ltr'>nnr1crs</span> <span class='ocrx_word' id='word_1_118' title='bbox 1017 2169 1174 2234; x_wconf 86' lang='lat' dir='ltr'>Antonius</span> <span class='ocrx_word' id='word_1_119' title='bbox 1196 2174 1227 2232; x_wconf 90' lang='lat' dir='ltr'>et</span> <span class='ocrx_word' id='word_1_120' title='bbox 1241 2168 1414 2233; x_wconf 85' lang='lat' dir='ltr'>Marullus.</span> <span class='ocrx_word' id='word_1_121' title='bbox 1430 2188 1506 2231; x_wconf 86' lang='lat' dir='ltr'>mox</span> 
     </span>
     <span class='ocr_line' id='line_1_17' title="bbox 399 2269 1504 2353; baseline 0.001 -20"><span class='ocrx_word' id='word_1_122' title='bbox 399 2269 562 2353; x_wconf 74' lang='lat' dir='ltr'>simileque</span> <span class='ocrx_word' id='word_1_123' title='bbox 591 2269 765 2351; x_wconf 89' lang='lat' dir='ltr'>quadratus</span> <span class='ocrx_word' id='word_1_124' title='bbox 793 2276 824 2333; x_wconf 91' lang='lat' dir='ltr'>et</span> <span class='ocrx_word' id='word_1_125' title='bbox 846 2270 1003 2335; x_wconf 87' lang='lat' dir='ltr'>schedae:</span> <span class='ocrx_word' id='word_1_126' title='bbox 1025 2269 1170 2352; x_wconf 87' lang='lat' dir='ltr'>quadrati</span> <span class='ocrx_word' id='word_1_127' title='bbox 1193 2273 1350 2334; x_wconf 88' lang='lat' dir='ltr'>corrector</span> <span class='ocrx_word' id='word_1_128' title='bbox 1371 2271 1504 2334; x_wconf 77' lang='lat' dir='ltr'>similes-</span> 
     </span>
     <span class='ocr_line' id='line_1_18' title="bbox 399 2369 1492 2458; baseline 0 -24"><span class='ocrx_word' id='word_1_129' title='bbox 399 2395 457 2456; x_wconf 81' lang='lat' dir='ltr'>que</span> <span class='ocrx_word' id='word_1_130' title='bbox 471 2417 478 2433; x_wconf 92' lang='lat'>.</span> <span class='ocrx_word' id='word_1_131' title='bbox 494 2369 529 2433; x_wconf 93' lang='lat' dir='ltr'>in</span> <span class='ocrx_word' id='word_1_132' title='bbox 556 2390 651 2435; x_wconf 87' lang='lat' dir='ltr'>versu</span> <span class='ocrx_word' id='word_1_133' title='bbox 678 2369 822 2454; x_wconf 87' lang='lat' dir='ltr'>proximo</span> <span class='ocrx_word' id='word_1_134' title='bbox 851 2373 945 2458; x_wconf 82' lang='lat' dir='ltr'>quali</span> <span class='ocrx_word' id='word_1_135' title='bbox 963 2372 1137 2453; x_wconf 87' lang='lat' dir='ltr'>quadratus</span> <span class='ocrx_word' id='word_1_136' title='bbox 1164 2376 1196 2437; x_wconf 89' lang='lat' dir='ltr'>et</span> <span class='ocrx_word' id='word_1_137' title='bbox 1218 2370 1375 2448; x_wconf 79' lang='lat' dir='ltr'>schedae,</span> <span class='ocrx_word' id='word_1_138' title='bbox 1397 2371 1492 2457; x_wconf 81' lang='lat' dir='ltr'>qaol&#39;</span> 
     </span>
     <span class='ocr_line' id='line_1_19' title="bbox 398 2471 1506 2559; baseline 0 -25"><span class='ocrx_word' id='word_1_139' title='bbox 398 2471 567 2554; x_wconf 90' lang='lat' dir='ltr'>oblongus,</span> <span class='ocrx_word' id='word_1_140' title='bbox 580 2474 689 2559; x_wconf 79' lang='lat' dir='ltr'>quoles</span> <span class='ocrx_word' id='word_1_141' title='bbox 702 2477 860 2536; x_wconf 90' lang='lat' dir='ltr'>corrector</span> <span class='ocrx_word' id='word_1_142' title='bbox 869 2473 1002 2556; x_wconf 83' lang='lat' dir='ltr'>oblongi</span> <span class='ocrx_word' id='word_1_143' title='bbox 1014 2480 1045 2539; x_wconf 86' lang='lat' dir='ltr'>et</span> <span class='ocrx_word' id='word_1_144' title='bbox 1057 2495 1128 2540; x_wconf 91' lang='lat' dir='ltr'>cum</span> <span class='ocrx_word' id='word_1_145' title='bbox 1139 2474 1227 2539; x_wconf 88' lang='lat' dir='ltr'>Italis</span> <span class='ocrx_word' id='word_1_146' title='bbox 1237 2473 1398 2556; x_wconf 89' lang='lat' dir='ltr'>impressi.</span> <span class='ocrx_word' id='word_1_147' title='bbox 1411 2473 1506 2536; x_wconf 90' lang='lat' dir='ltr'>Lam-</span> 
     </span>
     <span class='ocr_line' id='line_1_20' title="bbox 397 2572 1506 2661; baseline -0.001 -23"><span class='ocrx_word' id='word_1_148' title='bbox 397 2572 492 2638; x_wconf 88' lang='lat' dir='ltr'>binus</span> <span class='ocrx_word' id='word_1_149' title='bbox 501 2577 663 2661; x_wconf 64' lang='lat' dir='ltr'>laacpcrac</span> <span class='ocrx_word' id='word_1_150' title='bbox 675 2576 768 2661; x_wconf 81' lang='lat' dir='ltr'>quali</span> <span class='ocrx_word' id='word_1_151' title='bbox 775 2588 848 2640; x_wconf 82' lang='lat' dir='ltr'>sunt</span> <span class='ocrx_word' id='word_1_152' title='bbox 856 2577 953 2641; x_wconf 81' lang='lat' dir='ltr'>ubero</span> <span class='ocrx_word' id='word_1_153' title='bbox 965 2579 1064 2660; x_wconf 81' lang='lat' dir='ltr'>lactis,</span> <span class='ocrx_word' id='word_1_154' title='bbox 1072 2576 1204 2660; x_wconf 80' lang='lat' dir='ltr'>optime:</span> <span class='ocrx_word' id='word_1_155' title='bbox 1216 2575 1273 2641; x_wconf 91' lang='lat' dir='ltr'>sed</span> <span class='ocrx_word' id='word_1_156' title='bbox 1284 2574 1360 2639; x_wconf 93' lang='lat' dir='ltr'>mihi</span> <span class='ocrx_word' id='word_1_157' title='bbox 1370 2573 1506 2638; x_wconf 85' lang='lat' dir='ltr'>alterum</span> 
     </span>
     <span class='ocr_line' id='line_1_21' title="bbox 399 2675 1505 2765; baseline 0.001 -27"><span class='ocrx_word' id='word_1_158' title='bbox 399 2675 476 2740; x_wconf 87' lang='lat' dir='ltr'>satis</span> <span class='ocrx_word' id='word_1_159' title='bbox 482 2676 706 2761; x_wconf 81' lang='lat' dir='ltr'>placet,dulceo</span> <span class='ocrx_word' id='word_1_160' title='bbox 715 2690 821 2763; x_wconf 71' lang='lat' dir='ltr'>portas</span> <span class='ocrx_word' id='word_1_161' title='bbox 828 2679 948 2747; x_wconf 77' lang='lat' dir='ltr'>moltero</span> <span class='ocrx_word' id='word_1_162' title='bbox 956 2677 1036 2743; x_wconf 83' lang='lat' dir='ltr'>tales</span> <span class='ocrx_word' id='word_1_163' title='bbox 1045 2680 1138 2765; x_wconf 80' lang='lat' dir='ltr'>quali</span> <span class='ocrx_word' id='word_1_164' title='bbox 1143 2703 1213 2745; x_wconf 82' lang='lat' dir='ltr'>occo</span> <span class='ocrx_word' id='word_1_165' title='bbox 1220 2691 1293 2743; x_wconf 82' lang='lat' dir='ltr'>suat</span> <span class='ocrx_word' id='word_1_166' title='bbox 1303 2679 1394 2741; x_wconf 79' lang='lat' dir='ltr'>lectio</span> <span class='ocrx_word' id='word_1_167' title='bbox 1401 2678 1505 2740; x_wconf 82' lang='lat' dir='ltr'>ubere.</span> 
     </span>
    </p>

    <p class='ocr_par' dir='ltr' id='par_1_6' title="bbox 396 2778 1508 3655">
     <span class='ocr_line' id='line_1_22' title="bbox 483 2778 1505 2846; baseline -0.004 0"><span class='ocrx_word' id='word_1_168' title='bbox 483 2783 555 2846; x_wconf 87' lang='grc'><strong>890.</strong></span> <span class='ocrx_word' id='word_1_169' title='bbox 590 2778 826 2841; x_wconf 77' lang='lat' dir='ltr'>Drsrnarrrn</span> <span class='ocrx_word' id='word_1_170' title='bbox 864 2801 901 2840; x_wconf 82' lang='lat' dir='ltr'>ru</span> <span class='ocrx_word' id='word_1_171' title='bbox 939 2801 1085 2843; x_wconf 70' lang='lat' dir='ltr'>rassin</span> <span class='ocrx_word' id='word_1_172' title='bbox 1121 2802 1307 2845; x_wconf 74' lang='lat' dir='ltr'>nummus</span> <span class='ocrx_word' id='word_1_173' title='bbox 1343 2800 1505 2842; x_wconf 77' lang='lat' dir='ltr'>mucra.</span> 
     </span>
     <span class='ocr_line' id='line_1_23' title="bbox 397 2878 1505 2963; baseline 0.001 -22"><span class='ocrx_word' id='word_1_174' title='bbox 397 2878 490 2943; x_wconf 92' lang='lat' dir='ltr'>Hunc</span> <span class='ocrx_word' id='word_1_175' title='bbox 511 2900 638 2945; x_wconf 86' lang='lat' dir='ltr'>versum</span> <span class='ocrx_word' id='word_1_176' title='bbox 664 2900 734 2944; x_wconf 94' lang='lat' dir='ltr'>cum</span> <span class='ocrx_word' id='word_1_177' title='bbox 756 2879 902 2963; x_wconf 88' lang='lat' dir='ltr'>proximo</span> <span class='ocrx_word' id='word_1_178' title='bbox 925 2881 1071 2945; x_wconf 93' lang='lat' dir='ltr'>omittunt</span> <span class='ocrx_word' id='word_1_179' title='bbox 1093 2882 1266 2963; x_wconf 89' lang='lat' dir='ltr'>quadratus</span> <span class='ocrx_word' id='word_1_180' title='bbox 1294 2886 1325 2944; x_wconf 92' lang='lat' dir='ltr'>et</span> <span class='ocrx_word' id='word_1_181' title='bbox 1347 2879 1505 2945; x_wconf 86' lang='lat' dir='ltr'>schedae.</span> 
     </span>
     <span class='ocr_line' id='line_1_24' title="bbox 396 2978 1506 3064; baseline 0.004 -22"><span class='ocrx_word' id='word_1_182' title='bbox 396 2978 467 3044; x_wconf 90' lang='lat' dir='ltr'>Itali</span> <span class='ocrx_word' id='word_1_183' title='bbox 496 2986 527 3045; x_wconf 90' lang='lat' dir='ltr'>et</span> <span class='ocrx_word' id='word_1_184' title='bbox 547 2981 695 3064; x_wconf 90' lang='lat' dir='ltr'>impressi</span> <span class='ocrx_word' id='word_1_185' title='bbox 723 2996 751 3046; x_wconf 82' lang='lat' dir='ltr'>et</span> <span class='ocrx_word' id='word_1_186' title='bbox 777 2984 812 3046; x_wconf 77' lang='lat' dir='ltr'>cb</span> <span class='ocrx_word' id='word_1_187' title='bbox 834 2997 972 3048; x_wconf 81' lang='lat' dir='ltr'>terram:</span> <span class='ocrx_word' id='word_1_188' title='bbox 996 2984 1169 3062; x_wconf 89' lang='lat' dir='ltr'>Marullus,</span> <span class='ocrx_word' id='word_1_189' title='bbox 1191 2983 1220 3048; x_wconf 91' lang='lat' dir='ltr'>si</span> <span class='ocrx_word' id='word_1_190' title='bbox 1235 2981 1380 3048; x_wconf 79' lang='lat' dir='ltr'>Candido</span> <span class='ocrx_word' id='word_1_191' title='bbox 1402 2979 1506 3060; x_wconf 87' lang='lat' dir='ltr'>fides,</span> 
     </span>
     <span class='ocr_line' id='line_1_25' title="bbox 398 3082 1506 3172; baseline 0.005 -27"><span class='ocrx_word' id='word_1_192' title='bbox 398 3082 575 3168; x_wconf 78' lang='lat' dir='ltr'>Dc&#39;opcrtr&#39;ta</span> <span class='ocrx_word' id='word_1_193' title='bbox 591 3109 655 3149; x_wconf 81' lang='lat' dir='ltr'>ecoe</span> <span class='ocrx_word' id='word_1_194' title='bbox 671 3109 708 3149; x_wconf 87' lang='lat' dir='ltr'>oc</span> <span class='ocrx_word' id='word_1_195' title='bbox 724 3087 758 3149; x_wconf 81' lang='lat' dir='ltr'>c&#39;a</span> <span class='ocrx_word' id='word_1_196' title='bbox 773 3087 888 3149; x_wconf 80' lang='lat' dir='ltr'>terrio:</span> <span class='ocrx_word' id='word_1_197' title='bbox 903 3084 1085 3166; x_wconf 81' lang='lat' dir='ltr'>Naugerius</span> <span class='ocrx_word' id='word_1_198' title='bbox 1099 3087 1277 3172; x_wconf 80' lang='lat' dir='ltr'>Dispertc&#39;ta</span> <span class='ocrx_word' id='word_1_199' title='bbox 1292 3111 1329 3151; x_wconf 85' lang='lat' dir='ltr'>ac</span> <span class='ocrx_word' id='word_1_200' title='bbox 1346 3089 1379 3150; x_wconf 82' lang='lat' dir='ltr'>c&#39;a</span> <span class='ocrx_word' id='word_1_201' title='bbox 1394 3089 1489 3151; x_wconf 73' lang='lat' dir='ltr'>terreis</span> <span class='ocrx_word' id='word_1_202' title='bbox 1497 3136 1506 3169; x_wconf 85' lang='lat'>,</span> 
     </span>
     <span class='ocr_line' id='line_1_26' title="bbox 397 3183 1507 3271; baseline 0.004 -25"><span class='ocrx_word' id='word_1_203' title='bbox 397 3183 571 3249; x_wconf 88' lang='lat' dir='ltr'>Lambinus</span> <span class='ocrx_word' id='word_1_204' title='bbox 594 3200 686 3271; x_wconf 81' lang='lat' dir='ltr'>arque</span> <span class='ocrx_word' id='word_1_205' title='bbox 713 3189 748 3250; x_wconf 80' lang='lat' dir='ltr'>ia</span> <span class='ocrx_word' id='word_1_206' title='bbox 771 3189 884 3252; x_wconf 78' lang='lat' dir='ltr'>terris.</span> <span class='ocrx_word' id='word_1_207' title='bbox 901 3185 980 3250; x_wconf 90' lang='lat' dir='ltr'>haec</span> <span class='ocrx_word' id='word_1_208' title='bbox 1003 3185 1057 3267; x_wconf 92' lang='lat' dir='ltr'>qui</span> <span class='ocrx_word' id='word_1_209' title='bbox 1079 3186 1293 3266; x_wconf 85' lang='lat' dir='ltr'>examinabit,</span> <span class='ocrx_word' id='word_1_210' title='bbox 1310 3186 1437 3268; x_wconf 86' lang='lat' dir='ltr'>singula</span> <span class='ocrx_word' id='word_1_211' title='bbox 1458 3187 1507 3250; x_wconf 90' lang='lat' dir='ltr'>in-</span> 
     </span>
     <span class='ocr_line' id='line_1_27' title="bbox 399 3284 1507 3370; baseline 0.003 -21"><span class='ocrx_word' id='word_1_212' title='bbox 399 3284 527 3349; x_wconf 85' lang='lat' dir='ltr'>condita</span> <span class='ocrx_word' id='word_1_213' title='bbox 554 3305 624 3350; x_wconf 91' lang='lat' dir='ltr'>esse</span> <span class='ocrx_word' id='word_1_214' title='bbox 646 3286 829 3368; x_wconf 84' lang='lat' dir='ltr'>intelleget,</span> <span class='ocrx_word' id='word_1_215' title='bbox 852 3289 1005 3370; x_wconf 91' lang='lat' dir='ltr'>pleraque</span> <span class='ocrx_word' id='word_1_216' title='bbox 1031 3287 1167 3353; x_wconf 86' lang='lat' dir='ltr'>vitiosa.</span> <span class='ocrx_word' id='word_1_217' title='bbox 1189 3288 1408 3353; x_wconf 86' lang='lat' dir='ltr'>Wakefieldus</span> <span class='ocrx_word' id='word_1_218' title='bbox 1434 3307 1507 3354; x_wconf 91' lang='lat' dir='ltr'>cum</span> 
     </span>
     <span class='ocr_line' id='line_1_28' title="bbox 398 3387 1508 3476; baseline 0.004 -26"><span class='ocrx_word' id='word_1_219' title='bbox 398 3387 464 3451; x_wconf 93' lang='lat' dir='ltr'>suis</span> <span class='ocrx_word' id='word_1_220' title='bbox 488 3412 524 3451; x_wconf 88' lang='lat' dir='ltr'>ac</span> <span class='ocrx_word' id='word_1_221' title='bbox 547 3389 581 3451; x_wconf 76' lang='lat' dir='ltr'>io</span> <span class='ocrx_word' id='word_1_222' title='bbox 604 3401 720 3452; x_wconf 79' lang='lat' dir='ltr'>terram</span> <span class='ocrx_word' id='word_1_223' title='bbox 741 3389 866 3454; x_wconf 78' lang='lat' dir='ltr'>latitare</span> <span class='ocrx_word' id='word_1_224' title='bbox 877 3438 886 3471; x_wconf 87' lang='lat'>,</span> <span class='ocrx_word' id='word_1_225' title='bbox 903 3389 1024 3456; x_wconf 89' lang='lat' dir='ltr'>scilicet</span> <span class='ocrx_word' id='word_1_226' title='bbox 1045 3411 1085 3455; x_wconf 90' lang='lat' dir='ltr'>ne</span> <span class='ocrx_word' id='word_1_227' title='bbox 1107 3392 1247 3476; x_wconf 91' lang='lat' dir='ltr'>priorum</span> <span class='ocrx_word' id='word_1_228' title='bbox 1271 3391 1378 3474; x_wconf 90' lang='lat' dir='ltr'>aliquo</span> <span class='ocrx_word' id='word_1_229' title='bbox 1400 3390 1508 3454; x_wconf 92' lang='lat' dir='ltr'>minus</span> 
     </span>
     <span class='ocr_line' id='line_1_29' title="bbox 397 3488 1507 3580; baseline 0.003 -28"><span class='ocrx_word' id='word_1_230' title='bbox 397 3493 583 3571; x_wconf 89' lang='lat' dir='ltr'>peccarent.</span> <span class='ocrx_word' id='word_1_231' title='bbox 599 3488 800 3572; x_wconf 90' lang='lat' dir='ltr'>perspicuum</span> <span class='ocrx_word' id='word_1_232' title='bbox 829 3495 879 3556; x_wconf 89' lang='lat' dir='ltr'>est</span> <span class='ocrx_word' id='word_1_233' title='bbox 904 3498 1030 3575; x_wconf 83' lang='lat' dir='ltr'>poetam</span> <span class='ocrx_word' id='word_1_234' title='bbox 1058 3493 1225 3577; x_wconf 81' lang='lat' dir='ltr'>scripsisse</span> <span class='ocrx_word' id='word_1_235' title='bbox 1248 3495 1426 3580; x_wconf 63' lang='lat' dir='ltr'>Dispersus</span> <span class='ocrx_word' id='word_1_236' title='bbox 1452 3515 1507 3577; x_wconf 19' lang='lat' dir='ltr'>ru·-</span> 
     </span>
     <span class='ocr_line' id='line_1_30' title="bbox 398 3604 624 3655; baseline 0.009 -2"><span class='ocrx_word' id='word_1_237' title='bbox 398 3613 466 3654; x_wconf 80' lang='lat' dir='ltr'>rna</span> <span class='ocrx_word' id='word_1_238' title='bbox 488 3604 624 3655; x_wconf 82' lang='lat' dir='ltr'>terram.</span> 
     </span>
    </p>

    <p class='ocr_par' dir='ltr' id='par_1_7' title="bbox 397 3697 1508 3879">
     <span class='ocr_line' id='line_1_31' title="bbox 483 3697 1508 3766; baseline 0.003 -5"><span class='ocrx_word' id='word_1_239' title='bbox 483 3699 554 3762; x_wconf 85' lang='grc'><strong>893.</strong></span> <span class='ocrx_word' id='word_1_240' title='bbox 579 3714 747 3766; x_wconf 77' lang='lat' dir='ltr'>Quoulnu</span> <span class='ocrx_word' id='word_1_241' title='bbox 775 3718 985 3760; x_wconf 76' lang='lat' dir='ltr'>unumasrn</span> <span class='ocrx_word' id='word_1_242' title='bbox 1011 3699 1255 3763; x_wconf 81' lang='lat' dir='ltr'>nccnr.R1cs</span> <span class='ocrx_word' id='word_1_243' title='bbox 1281 3697 1405 3764; x_wconf 84' lang='lat' dir='ltr'>addidit</span> <span class='ocrx_word' id='word_1_244' title='bbox 1437 3717 1508 3764; x_wconf 87' lang='lat' dir='ltr'>cor·</span> 
     </span>
     <span class='ocr_line' id='line_1_32' title="bbox 397 3796 863 3879; baseline 0.002 -20"><span class='ocrx_word' id='word_1_245' title='bbox 397 3803 501 3862; x_wconf 86' lang='lat' dir='ltr'>rector</span> <span class='ocrx_word' id='word_1_246' title='bbox 525 3796 671 3879; x_wconf 89' lang='lat' dir='ltr'>quadrati</span> <span class='ocrx_word' id='word_1_247' title='bbox 694 3801 726 3862; x_wconf 89' lang='lat' dir='ltr'>et</span> <span class='ocrx_word' id='word_1_248' title='bbox 748 3797 863 3863; x_wconf 90' lang='lat' dir='ltr'>ceteri.</span> 
     </span>
    </p>

    <p class='ocr_par' dir='ltr' id='par_1_8' title="bbox 397 3901 1506 4069">
     <span class='ocr_line' id='line_1_33' title="bbox 482 3901 1506 3968; baseline -0.001 -1"><span class='ocrx_word' id='word_1_249' title='bbox 482 3905 555 3968; x_wconf 85' lang='lat'><strong>900.</strong></span> <span class='ocrx_word' id='word_1_250' title='bbox 578 3901 707 3963; x_wconf 85' lang='lat' dir='ltr'>Dounc</span> <span class='ocrx_word' id='word_1_251' title='bbox 733 3924 908 3965; x_wconf 72' lang='lat' dir='ltr'>urrunsa</span> <span class='ocrx_word' id='word_1_252' title='bbox 935 3924 1151 3967; x_wconf 79' lang='lat' dir='ltr'>sunsnauur</span> <span class='ocrx_word' id='word_1_253' title='bbox 1185 3926 1303 3968; x_wconf 79' lang='lat' dir='ltr'>rnoun</span> <span class='ocrx_word' id='word_1_254' title='bbox 1338 3924 1506 3966; x_wconf 82' lang='lat' dir='ltr'>occano.</span> 
     </span>
     <span class='ocr_line' id='line_1_34' title="bbox 397 3999 962 4069; baseline 0.005 -5"><span class='ocrx_word' id='word_1_255' title='bbox 397 3999 550 4066; x_wconf 87' lang='lat' dir='ltr'>Marullus</span> <span class='ocrx_word' id='word_1_256' title='bbox 571 4003 752 4068; x_wconf 87' lang='lat' dir='ltr'>verrissime</span> <span class='ocrx_word' id='word_1_257' title='bbox 773 4026 962 4069; x_wconf 73' lang='lat' dir='ltr'>nuruum.</span> 
     </span>
    </p>

    <p class='ocr_par' dir='ltr' id='par_1_9' title="bbox 372 4105 1509 4272">
     <span class='ocr_line' id='line_1_35' title="bbox 483 4105 1509 4190; baseline 0.002 -22"><span class='ocrx_word' id='word_1_258' title='bbox 483 4107 555 4170; x_wconf 89' lang='grc'><strong>906.</strong></span> <span class='ocrx_word' id='word_1_259' title='bbox 580 4105 819 4169; x_wconf 78' lang='lat' dir='ltr'>Gourronnar</span> <span class='ocrx_word' id='word_1_260' title='bbox 847 4128 969 4175; x_wconf 80' lang='lat' dir='ltr'>vonoo</span> <span class='ocrx_word' id='word_1_261' title='bbox 992 4130 1122 4172; x_wconf 72' lang='lat' dir='ltr'>siivas</span> <span class='ocrx_word' id='word_1_262' title='bbox 1141 4157 1148 4170; x_wconf 88' lang='lat'><strong>.</strong></span> <span class='ocrx_word' id='word_1_263' title='bbox 1170 4108 1337 4173; x_wconf 83' lang='lat' dir='ltr'>Correetor</span> <span class='ocrx_word' id='word_1_264' title='bbox 1359 4107 1509 4190; x_wconf 86' lang='lat' dir='ltr'>quadrati</span> 
     </span>
     <span class='ocr_line' id='line_1_36' title="bbox 372 4203 855 4272; baseline 0.006 -3"><span class='ocrx_word' id='word_1_265' title='bbox 372 4247 375 4252; x_wconf 94' lang='lat'><em>-</em></span> <span class='ocrx_word' id='word_1_266' title='bbox 398 4210 429 4269; x_wconf 88' lang='lat' dir='ltr'>et</span> <span class='ocrx_word' id='word_1_267' title='bbox 451 4203 549 4269; x_wconf 86' lang='lat' dir='ltr'>ceteri</span> <span class='ocrx_word' id='word_1_268' title='bbox 571 4206 855 4272; x_wconf 80' lang='lat' dir='ltr'>Oourronsaur.</span> 
     </span>
    </p>

    <p class='ocr_par' dir='ltr' id='par_1_10' title="bbox 397 4311 1510 4812">
     <span class='ocr_line' id='line_1_37' title="bbox 483 4311 1510 4395; baseline 0.004 -23"><span class='ocrx_word' id='word_1_269' title='bbox 483 4311 555 4373; x_wconf 93' lang='grc'><strong>909.</strong></span> <span class='ocrx_word' id='word_1_270' title='bbox 580 4331 867 4376; x_wconf 76' lang='lat' dir='ltr'>courruoaurua</span> <span class='ocrx_word' id='word_1_271' title='bbox 891 4361 898 4374; x_wconf 89' lang='lat'><strong>.</strong></span> <span class='ocrx_word' id='word_1_272' title='bbox 925 4313 1107 4394; x_wconf 82' lang='lat' dir='ltr'>Naugerius</span> <span class='ocrx_word' id='word_1_273' title='bbox 1140 4334 1425 4376; x_wconf 77' lang='lat' dir='ltr'>courrnnnurua</span> <span class='ocrx_word' id='word_1_274' title='bbox 1444 4363 1452 4395; x_wconf 88' lang='lat'>,</span> <span class='ocrx_word' id='word_1_275' title='bbox 1474 4319 1510 4376; x_wconf 89' lang='lat' dir='ltr'>ut</span> 
     </span>
     <span class='ocr_line' id='line_1_38' title="bbox 397 4408 1510 4498; baseline 0.007 -27"><span class='ocrx_word' id='word_1_276' title='bbox 397 4408 493 4492; x_wconf 93' lang='lat' dir='ltr'>paulo</span> <span class='ocrx_word' id='word_1_277' title='bbox 517 4416 590 4474; x_wconf 89' lang='lat' dir='ltr'>ante</span> <span class='ocrx_word' id='word_1_278' title='bbox 612 4432 707 4478; x_wconf 85' lang='lat' dir='ltr'>versu</span> <span class='ocrx_word' id='word_1_279' title='bbox 730 4419 812 4482; x_wconf 86' lang='grc'><strong>818.</strong></span> <span class='ocrx_word' id='word_1_280' title='bbox 834 4414 917 4480; x_wconf 79' lang='lat' dir='ltr'>‘sed&#39;</span> <span class='ocrx_word' id='word_1_281' title='bbox 938 4415 1154 4481; x_wconf 86' lang='lat' dir='ltr'>Wakefieldus</span> <span class='ocrx_word' id='word_1_282' title='bbox 1181 4416 1285 4498; x_wconf 92' lang='lat' dir='ltr'>inquit</span> <span class='ocrx_word' id='word_1_283' title='bbox 1305 4415 1510 4480; x_wconf 76' lang='lat' dir='ltr'>‘variantium</span> 
     </span>
     <span class='ocr_line' id='line_1_39' title="bbox 397 4512 1509 4602; baseline 0.007 -27"><span class='ocrx_word' id='word_1_284' title='bbox 397 4512 597 4595; x_wconf 90' lang='lat' dir='ltr'>loquelarum</span> <span class='ocrx_word' id='word_1_285' title='bbox 620 4515 799 4581; x_wconf 91' lang='lat' dir='ltr'>iucunditas</span> <span class='ocrx_word' id='word_1_286' title='bbox 821 4516 1018 4601; x_wconf 90' lang='lat' dir='ltr'>lepidissimo</span> <span class='ocrx_word' id='word_1_287' title='bbox 1040 4526 1153 4602; x_wconf 73' lang='lat' dir='ltr'>poetae</span> <span class='ocrx_word' id='word_1_288' title='bbox 1176 4517 1402 4584; x_wconf 63' lang='lat' dir='ltr'>concedatur)</span> <span class='ocrx_word' id='word_1_289' title='bbox 1423 4517 1509 4583; x_wconf 93' lang='lat' dir='ltr'>hunc</span> 
     </span>
     <span class='ocr_line' id='line_1_40' title="bbox 398 4614 1510 4703; baseline 0.004 -23"><span class='ocrx_word' id='word_1_290' title='bbox 398 4615 536 4697; x_wconf 88' lang='lat' dir='ltr'>graviter</span> <span class='ocrx_word' id='word_1_291' title='bbox 563 4614 678 4681; x_wconf 86' lang='lat' dir='ltr'>refutat</span> <span class='ocrx_word' id='word_1_292' title='bbox 704 4618 886 4702; x_wconf 83' lang='lat' dir='ltr'>Forbiger,</span> <span class='ocrx_word' id='word_1_293' title='bbox 909 4639 980 4684; x_wconf 93' lang='lat' dir='ltr'>cum</span> <span class='ocrx_word' id='word_1_294' title='bbox 1007 4620 1085 4685; x_wconf 88' lang='lat' dir='ltr'>satis</span> <span class='ocrx_word' id='word_1_295' title='bbox 1113 4629 1197 4688; x_wconf 91' lang='lat' dir='ltr'>essct</span> <span class='ocrx_word' id='word_1_296' title='bbox 1222 4621 1356 4703; x_wconf 87' lang='lat' dir='ltr'>digitum</span> <span class='ocrx_word' id='word_1_297' title='bbox 1383 4618 1427 4685; x_wconf 90' lang='lat' dir='ltr'>ad</span> <span class='ocrx_word' id='word_1_298' title='bbox 1451 4619 1510 4684; x_wconf 88' lang='lat' dir='ltr'>illa</span> 
     </span>
     <span class='ocr_line' id='line_1_41' title="bbox 397 4717 1344 4812; baseline 0.008 -32"><span class='ocrx_word' id='word_1_299' title='bbox 397 4721 511 4800; x_wconf 69' lang='lat' dir='ltr'>politae</span> <span class='ocrx_word' id='word_1_300' title='bbox 532 4717 632 4783; x_wconf 84' lang='lat' dir='ltr'>verba</span> <span class='ocrx_word' id='word_1_301' title='bbox 653 4719 829 4788; x_wconf 80' lang='lat' dir='ltr'>intendisse</span> <span class='ocrx_word' id='word_1_302' title='bbox 841 4774 850 4803; x_wconf 95' lang='lat'>,</span> <span class='ocrx_word' id='word_1_303' title='bbox 862 4724 961 4812; x_wconf 82' lang='lat' dir='ltr'>poulo</span> <span class='ocrx_word' id='word_1_304' title='bbox 983 4724 1070 4810; x_wconf 79' lang='lat' dir='ltr'>quod</span> <span class='ocrx_word' id='word_1_305' title='bbox 1089 4724 1230 4791; x_wconf 62' lang='lat' dir='ltr'>dabimus</span> <span class='ocrx_word' id='word_1_306' title='bbox 1253 4738 1344 4791; x_wconf 75' lang='lat' dir='ltr'>aare.</span> 
     </span>
    </p>
   </div>
   <div class='ocr_carea' id='block_1_3' title="bbox 0 0 1773 5442">
    <p class='ocr_par' dir='ltr' id='par_1_11' title="bbox 0 0 1773 5442">
     <span class='ocr_line' id='line_1_42' title="bbox 0 0 1773 5442; baseline 0 0"><span class='ocrx_word' id='word_1_307' title='bbox 0 0 1773 5442; x_wconf 95' lang='lat' dir='ltr'> </span> 
     </span>
    </p>
   </div>
  </div>
 </body>
</html>
