3509 5442
846 552 891 618 III
1359 556 1420 623 159

307 727 380 793 daei
387 778 396 811 ,
403 727 494 814 fidei
502 729 589 814 ,flos
604 744 707 806 neque
722 724 931 795 dubitandum
947 729 994 788 est
1006 723 1082 806 quin
1102 744 1199 787 unum
1221 723 1272 788 vel
1287 724 1419 789 alterum

307 829 600 913 praetermiserim.
623 828 778 892 audaciai
801 825 1001 891 scribendum
1029 831 1078 890 θεῖ
1102 826 1135 889 in
1156 824 1384 909 Amphitruone
1399 849 1420 905 1,

311 935 340 1010 l,
353 935 419 998 211
435 982 442 1009 ,
459 931 650 998 Charmidai
657 929 840 992 Trinummo
856 950 890 1011 n,
903 934 933 1006 2,
948 935 1008 1007 78,
1025 931 1160 1015 scapulari
1167 930 1267 993 Persa
1280 950 1313 1005 11,
1326 933 1356 1006 2,
1369 932 1419 1006 62,
1550 993 1552 996 ,

300 1036 462 1121 familiai
472 1034 647 1098 Mercatore
662 1054 691 1113 v,
706 1035 733 1109 1,
746 1036 786 1109 5,
802 1034 908 1096 morai
916 1031 1023 1096 Sticho
1038 1055 1080 1110 1v,
1096 1037 1123 1110 l,
1135 1036 1173 1099 31
1188 1082 1196 1109 ,
1212 1036 1243 1095 ct
1264 1030 1297 1094 in
1312 1029 1422 1113 primis

308 1135 472 1219 Amphitr.
484 1139 610 1218 1,1,2‘28
622 1135 708 1198 Nam
716 1134 1072 1218 Amphitruoniedomai
1079 1159 1127 1198 me
1137 1158 1201 1198 eoae
1213 1134 1301 1197 caini
1309 1133 1421 1214 dc'oere,

309 1238 369 1304 ubi
383 1237 461 1302 libri
476 1240 591 1303 cociam
607 1261 646 1301 ne
659 1260 726 1300 me.
742 1254 807 1297 non
820 1239 978 1316 repugnat
999 1235 1132 1316 regulae
1147 1237 1256 1320 Neque
1271 1250 1422 1321 qnantum

311 1344 446 1427 aquam
460 1342 496 1404 in
509 1342 612 1415 mari,
629 1337 716 1421 quod
731 1343 780 1401 est
801 1337 834 1400 in
845 1337 989 1401 Poenulo
1004 1359 1025 1416 1,
1039 1341 1068 1414 3,
1081 1341 1136 1414 23,
1148 1335 1287 1418 itemque
1302 1343 1422 1402 rectum

311 1448 363 1508 est
383 1441 433 1506 ad
453 1443 507 1506 hoc
529 1442 615 1527 qaod
635 1440 729 1506 dieiot
753 1438 787 1501 in
810 1438 921 1502 eadem
937 1461 958 1515 1,
971 1442 1000 1516 2,
1013 1445 1052 1507 8.
1073 1438 1118 1502 ita
1139 1439 1306 1503 Terentius
1327 1439 1423 1504 habet

312 1545 395 1627 diei,
410 1544 545 1622 Cir‘niai,
558 1542 628 1606 sine
640 1540 773 1606 elisione
785 1563 794 1620 ;
808 1539 883 1604 item
898 1539 1058 1621 Vergilius
1074 1544 1187 1626 aquai,
1201 1541 1304 1623 aulai,
1318 1544 1422 1623 aurai,

309 1648 441 1733 pictai,
456 1645 578 1724 Aenea,
594 1644 750 1727 Phoebea,
768 1645 846 1726 diei,
863 1644 950 1724 Elei,
967 1643 1105 1728 Grynei,
1121 1644 1290 1726 Anchiseo,
1307 1644 1422 1729 Sopho-

314 1751 402 1830 clea,
419 1746 598 1822 Achilleae,
611 1745 752 1825 Aeneae,
770 1747 862 1826 Ceae,
875 1744 1134 1826 Laomedonteae,
1151 1745 1322 1826 Phoebeae,
1339 1748 1423 1828 eheu,

314 1852 374 1932 lo,
400 1849 490 1929 Oiai),
513 1846 683 1927 Peridiae,
705 1848 800 1912 Geloi
807 1898 815 1929 ,
837 1871 908 1928 eoo,
930 1870 1041 1927 enroo,
1058 1847 1134 1909 Inoo
1146 1846 1354 1928 ,Propertius
1375 1846 1424 1912 his

315 1948 412 2017 ctiam
436 1949 552 2033 plura,
574 1946 631 2013 sed
654 1946 802 2027 Graeca;
823 1947 877 2012 alii
899 1953 1013 2031 poetae
1035 1947 1124 2011 alia.
1147 1946 1181 2010 in
1207 1946 1257 2011 his
1277 1946 1424 2012 Tibullus

315 2074 382 2119 non
405 2050 536 2134 scripsit
556 2052 633 2115 Eleo
653 2064 698 2114 θεῖ
712 2073 733 2133 1,
746 2056 776 2129 4,
787 2054 849 2129 32,
872 2049 931 2115 sed
949 2052 1057 2115 Eleon
1067 2099 1075 2130 ,
1091 2054 1123 2114 ct
1143 2049 1308 2113 Lucretius
1329 2050 1362 2112 in
1377 2072 1423 2132 m,

316 2159 382 2225 624
396 2155 550 2219 animaist
566 2151 641 2236 (hoc
656 2152 739 2214 enim
754 2153 878 2217 Nakius
893 2158 977 2216 reete
992 2151 1084 2236 vidit)
1098 2151 1154 2215 ubi
1168 2150 1241 2215 libri
1256 2155 1425 2235 cainonem,

316 2256 404 2329 idem
417 2255 452 2319 in
467 2277 510 2333 1v,
525 2258 622 2330 1083,
636 2271 676 2317 ne
691 2255 796 2319 rabiei
807 2255 891 2320 ande
910 2253 1079 2318 deendum
1095 2258 1192 2332 esset,
1206 2253 1305 2318 semel
1321 2257 1425 2320 rabies

317 2359 351 2423 in
373 2355 529 2440 gignendi
552 2375 647 2420 casu.
664 2354 771 2436 itaque
793 2358 875 2421 vitai
894 2381 925 2422 ee
947 2356 979 2420 in
995 2356 1222 2439 epigrammate
1242 2361 1368 2434 vetere,
1385 2357 1425 2421 de

319 2480 382 2542 qno
399 2456 467 2522 dixi
482 2454 525 2520 ad
539 2456 654 2522 librum
669 2479 690 2536 1,
703 2461 765 2525 993
778 2508 786 2536 ,
801 2457 1069 2542 pronuntiandum
1084 2463 1133 2522 θεῖ
1147 2460 1273 2522 oz'tai’c.
1290 2459 1344 2522 alii
1358 2453 1425 2524 hia-

319 2569 384 2627 tum
407 2559 543 2624 vitiosae
566 2557 692 2624 elisioni
705 2559 923 2642 praetulerunt
932 2612 941 2644 ,
957 2566 992 2625 ut
1010 2562 1177 2647 Panopeae
1200 2574 1227 2624 et
1242 2561 1337 2644 Inoo,
1354 2587 1426 2628 eoae

320 2661 503 2730 Atlantides
507 2711 516 2742 ,
528 2662 676 2746 Hyantea
687 2662 870 2749 Aponippe,
883 2664 1174 2727 Baccheininiatno
1186 2711 1193 2726 .
1206 2662 1260 2744 qui
1272 2663 1352 2728 haec
1363 2664 1426 2728 sin·

321 2765 397 2846 gula
413 2768 500 2827 recte
514 2761 736 2844 perpenderit,
755 2763 848 2828 facilc
872 2762 1000 2841 credet,
1022 2763 1127 2847 siquid
1141 2783 1276 2844 usquam
1295 2767 1426 2847 regulae

320 2883 502 2950 repugnare
527 2862 629 2927 visum
651 2862 771 2943 fuerit,
793 2864 827 2929 id
848 2865 988 2929 librariis
1014 2864 1120 2949 potius
1148 2886 1242 2947 quam
1263 2873 1426 2950 po‘e'tarum

321 2965 544 3050 neglegentiae
572 2965 815 3031 adscribendum
845 2986 943 3032 esse.
966 2966 1148 3032 notissimus
1178 2975 1225 3032 est
1251 2969 1427 3035 versiculus

322 3067 506 3145 Ciceronis,
524 3067 577 3148 qui
598 3067 643 3130 ita
664 3068 800 3151 scriptus
823 3069 927 3133 editur
949 3067 990 3131 de
1006 3067 1200 3133 divinatione
1216 3092 1236 3148 1,
1250 3074 1310 3148 22,
1327 3074 1427 3158 Inque

322 3172 498 3238 Academia
513 3170 689 3255 umbrifera
702 3171 863 3257 nitidoque
876 3173 979 3256 Lyceo
990 3195 1001 3252 ,·
1015 3169 1049 3232 in
1065 3189 1127 3250 quo
1141 3171 1293 3236 rationem
1309 3172 1427 3239 habere

320 3272 433 3356 incipit
444 3270 539 3353 -quod
553 3272 699 3336 Moserus
719 3272 808 3336 nulla
828 3293 898 3337 cum
920 3271 1042 3335 ratione
1058 3271 1257 3337 scribendum
1274 3275 1427 3353 coniecit,

326 3375 512 3460 Umbrafera
532 3375 626 3457 inque
646 3373 841 3438 Academia.
864 3373 921 3437 scd
944 3373 1126 3438 credibilius
1152 3381 1200 3439 est
1223 3375 1427 3456 Ciceronem,

321 3463 391 3543 cim
417 3474 473 3539 alii
495 3473 637 3539 Graecos
657 3474 878 3552 imitarentur,
899 3476 1029 3557 linguae
1051 3476 1184 3540 Latinae
1205 3479 1429 3561 proprietatem

322 3577 414 3660 sequi
435 3576 607 3658 maluisse,
623 3583 663 3655 ut
675 3576 882 3641 Academiam
905 3579 1101 3662 paenultima
1123 3585 1267 3661 correpta
1289 3580 1428 3659 diceret,

322 3699 417 3762 quem
441 3676 611 3741 admodum
634 3682 758 3743 veteres
787 3699 851 3742 non
876 3701 981 3763 pauca
1004 3680 1200 3762 diphthongo
1225 3680 1350 3745 Graeca
1375 3700 1429 3744 ex·

321 3784 453 3846 tenuata
463 3778 675 3862 protulerunt,
688 3785 722 3842 ut
722 3781 879 3865 plateam,
891 3806 1094 3868 pyreneaenm,
1107 3781 1295 3861 Seleuciam,
1308 3784 1429 3868 Emeum-

323 3883 381 3968 (ita
403 3881 536 3945 Plautus
557 3879 590 3942 in
614 3899 709 3944 versu
730 3880 885 3962 quadrato
906 3885 1029 3968 Epedm
1040 3884 1223 3968 fumificem
1246 3881 1331 3965 apud
1352 3883 1431 3947 Var-

323 4003 433 4049 ronem
457 3980 498 4045 de
520 3980 632 4061 lingua
652 3982 767 4046 Latina
781 4006 826 4045 vn
841 4005 871 4067 p.
886 3988 968 4060 324,
985 3983 1041 4048 sed
1064 3982 1148 4046 idem
1170 3983 1203 4046 in
1217 3983 1430 4048 Bacchidibus

322 4108 363 4164 iv,
376 4090 409 4162 9,
424 4087 464 4150 13
479 4083 598 4168 Epiust
613 4084 839 4170 Pihto'cierno),
855 4086 930 4149 item
942 4087 1183 4151 Ptolemocratia
1197 4087 1231 4149 in
1241 4083 1386 4150 Rudente
1397 4107 1431 4164 11,

322 4195 352 4265 ὁ,
364 4191 429 4268 24,
444 4183 478 4247 in
495 4182 636 4266 Captivis
652 4187 762 4269 Atiae,
779 4189 963 4274 Philippeos
983 4188 1083 4251 tribus
1105 4186 1275 4267 brevibus,
1292 4191 1323 4251 et
1345 4185 1430 4268 quod

322 4285 463 4352 maxime
477 4284 590 4348 mirum
606 4292 674 4365 est,
692 4287 752 4352 Coo
776 4288 842 4353 sive
858 4290 934 4354 Chio
954 4288 1055 4373 (quod
1076 4289 1109 4351 in
1124 4289 1334 4354 Ambrosiano
1358 4308 1430 4353 esse

322 4388 505 4473 Coppertus
522 4437 530 4464 ,
550 4385 599 4449 vir
624 4385 851 4467 doctissimus,
873 4389 950 4453 mihi
976 4390 1141 4475 indicavit)
1169 4390 1358 4454 adiectivum
1385 4388 1431 4451 di-

322 4489 483 4574 syllabum
506 4487 611 4571 priore
635 4496 780 4572 correpta
800 4491 833 4554 in
854 4492 996 4556 Poenulo
1013 4516 1059 4570 111,
1071 4498 1101 4570 3,
1114 4497 1175 4560 86.
1193 4489 1250 4556 sed
1265 4492 1325 4556 Coo
1341 4488 1432 4553 Statii

323 4591 476 4656 silvarum
492 4610 513 4667 1,
525 4591 556 4669 2,
568 4593 631 4658 252
652 4596 701 4654 est
722 4612 743 4655 a
765 4598 849 4656 recto
871 4588 991 4671 Κόως,
1011 4592 1188 4675 eodemque
1216 4592 1311 4657 modo
1334 4590 1431 4672 scrip-

322 4698 389 4757 tum
404 4691 439 4755 in
455 4688 618 4770 Ciceronis
639 4693 686 4758 ad·
697 4693 835 4758 Atticum
849 4694 1057 4778 epistularum
1078 4694 1159 4760 libro
1174 4717 1218 4773 rx,
1229 4699 1259 4773 9,
1271 4697 1312 4760 2:
1328 4709 1431 4772 neque
