3509 5442
323 549 384 615 m
743 507 942 638 ⁴m

319 715 485 793 vertisset,
507 715 561 797 qui
589 721 663 780 ante
683 715 799 781 librum
820 721 987 797 quartum,
1009 736 1073 798 quo
1099 715 1140 780 de
1162 715 1343 782 simulaoiis
1366 716 1428 780 dis·

319 818 460 900 putavit,
476 819 588 883 horum
610 839 652 884 ne
667 818 794 883 nomine
810 819 939 900 quidem
960 818 1006 882 uti
1020 818 1176 883 voluerit.
1192 839 1266 883 nam
1283 818 1427 900 quamvis

240 954 242 958 ·
320 918 481 996 Luoilius‚
498 920 609 985 doetus
630 920 745 997 homo,
763 920 854 1001 quasi
877 919 917 985 de
938 940 973 983 re
995 926 1071 983 nota
1092 919 1226 984 dixisset
1240 921 1362 985 Eidola
1383 934 1425 984 ot-

320 1046 379 1106 qao
391 1036 512 1086 atomus
523 1026 645 1087 orbcere
657 1023 797 1107 Epicuri
804 1023 907 1086 oolam
918 1021 1018 1106 (apud
1028 1020 1165 1086 Nonium
1181 1042 1212 1105 p.
1220 1022 1310 1100 478),
1322 1026 1426 1085 tamen

320 1120 380 1184 hoo
401 1121 485 1186 idem
501 1122 634 1206 physica
649 1122 815 1186 docentem
838 1142 902 1186 non
918 1122 1072 1187 decebat.
1089 1127 1228 1188 osterum
1251 1141 1291 1187 ex
1315 1121 1425 1185 eodem

320 1223 433 1287 Lucilii
455 1224 536 1289 libro
553 1246 656 1286 xxv111
670 1223 793 1287 Nonius
813 1224 877 1287 alia
894 1224 1050 1305 quaedam
1068 1223 1110 1288 ad
1125 1222 1336 1306 philosophos
1358 1242 1425 1305 per-

319 1322 452 1388 tinentia
477 1325 614 1390 rettulit.
635 1345 666 1408 p.
679 1328 798 1402 237,ss
821 1325 980 1391 Socratem
1006 1326 1143 1404 Quidam
1169 1339 1306 1411 tyranno
1334 1327 1425 1388 mim

320 1429 521 1512 Aristippum
545 1440 727 1492 autument.
752 1425 793 1489 de
814 1427 998 1491 Xenocrate
1016 1447 1048 1509 p.
1060 1430 1165 1502 410,7
1184 1427 1280 1492 Adde
1303 1426 1406 1491 eodem
1416 1474 1425 1506 ,

320 1529 420 1590 tristis
435 1553 473 1591 ao
484 1553 609 1594 severas
617 1529 821 1614 philosophas
834 1578 841 1592 .
857 1527 899 1592 de
912 1528 1023 1593 eodem
1039 1548 1070 1611 p.
1083 1532 1147 1595 414
1158 1529 1329 1593 Polemoma
1340 1552 1424 1590 amo-

320 1630 383 1709 vit,
401 1644 497 1719 morte
519 1633 591 1695 baio
614 1633 790 1694 transmisit
812 1655 902 1694 suam
925 1629 1056 1696 &tolero
1079 1655 1174 1715 qaam
1196 1629 1326 1694 dicaret.
1341 1627 1425 1691 adde

320 1729 458 1794 Nonium
474 1753 504 1814 p.
517 1736 590 1810 280,
605 1736 644 1801 10
659 1736 731 1814 318,
746 1735 784 1799 18
800 1735 873 1808 289,
886 1734 948 1809 26,
964 1732 1102 1796 Probum
1124 1731 1167 1796 ad
1182 1730 1242 1796 eol.
1256 1751 1289 1813 p.
1306 1733 1355 1806 18,
1370 1732 1423 1796 16.

405 1837 478 1900 431.
502 1833 610 1910 Quen
634 1855 749 1898 onnus
776 1856 811 1895 1n
835 1853 988 1911 souurs,
1008 1854 1132 1897 s01²1r1
1158 1853 1424 1897 un1onnu1mus

320 1955 415 1997 snus
438 1932 616 2000 Exnnisn
639 1957 783 2000 VAPORE
806 1955 967 1997 nuruum
990 1957 1185 2007 rennuens
1207 1957 1356 1999 sunum.
1377 1932 1425 1999 Ad

319 2022 1459 2123 mmmmmmmmfflmm

321 2139 413 2215 Quod
431 2166 531 2225 perms
554 2155 597 2204 est
618 2142 691 2204 ubi.
712 2143 877 2222 praeterea
899 2139 1066 2204 Lueretius
1092 2138 1168 2223 alibi
1191 2138 1271 2203 dixit
1292 2141 1426 2224 soprtum

321 2243 440 2325 quiete,
457 2243 515 2306 leto
527 2292 535 2324 ,
557 2255 713 2305 castoreo.
735 2258 812 2319 ergo
839 2239 891 2302 hio
913 2239 1116 2305 scribendum
1143 2247 1192 2305 est
1213 2240 1307 2318 Quod
1327 2264 1426 2324 penus

320 2362 383 2402 nsr
396 2391 404 2419 ,
419 2344 537 2407 sommis
552 2344 650 2426 sopiti
661 2343 718 2405 ubi
726 2344 882 2405 corruimus
894 2388 901 2404 .
919 2339 976 2405 sed
987 2362 1081 2424 porro
1094 2343 1160 2406 atta
1172 2343 1295 2407 altaria
1309 2339 1425 2405 nimiae

321 2442 530 2525 simplicitatis
552 2442 689 2524 speeiem
711 2440 883 2524 praebent,
900 2461 1004 2524 neque
1025 2442 1177 2524 intellego
1200 2443 1362 2524 quomodo
1385 2446 1426 2512 ol·

321 2548 407 2608 rarr'a
418 2545 535 2631 feram
545 2544 697 2628 fumum.
716 2542 844 2625 itaque,
866 2550 902 2608 ut
923 2542 1069 2608 dematur
1096 2546 1182 2625 quod
1210 2551 1375 2628 superest,
1397 2551 1426 2609 et

322 2646 407 2727 quod
430 2645 521 2710 deest
535 2643 805 2726 reprehendatur,
823 2645 976 2710 faoiemus
998 2668 1090 2709 suun
1112 2645 1167 2710 ubi
1189 2652 1238 2712 est
1260 2648 1328 2711 alta
1340 2697 1349 2729 ,
1366 2649 1426 2712 abe

321 2748 649 2834 exhalareferreqoe.
665 2751 825 2828 postremo
840 2747 874 2810 in
888 2747 969 2811 libro
985 2770 1016 2826 V,
1029 2751 1092 2817 253
1108 2752 1158 2812 est
1168 2749 1317 2813 Pulveris
1332 2751 1425 2815 ereba-

322 2851 366 2914 lat
388 2851 551 2930 nebulam,
567 2847 643 2911 item
657 2853 720 2916 463
744 2848 888 2913 Emalore
911 2849 998 2914 lacus
1013 2851 1178 2931 metatam,
1194 2848 1271 2913 alibi
1291 2849 1426 2928 similia3

321 2950 392 3033 quis
416 2969 492 3032 ergo
516 2970 581 3014 non
602 2947 711 3012 eredat
732 2954 859 3032 poetam
881 2949 933 3015 hio
946 2950 1121 3033 sumpsisse
1139 2951 1285 3016 &solare
1311 2973 1427 3016 voro·

225 3094 226 3098 =
319 3075 391 3116 unu
406 3054 525 3118 altaria
537 3052 551 3115 t
564 3050 751 3133 praesertim
766 3070 836 3114 oum
853 3051 966 3115 eodem
981 3052 1076 3116 modo
1092 3072 1202 3118 omnes
1215 3052 1342 3118 loeutos
1358 3072 1427 3118 esse

321 3160 462 3232 constet,
482 3151 544 3216 nisi
567 3148 653 3232 quod
683 3169 723 3214 ex
745 3151 837 3215 Statii
857 3152 1041 3218 Thebaidos
1055 3177 1087 3232 x,
1102 3158 1162 3223 108
1182 3159 1310 3220 notatur
1332 3157 1426 3220 eam

320 3259 388 3321 lom
409 3270 505 3321 vestes
528 3251 673 3316 absolute
688 3251 845 3335 positum.
862 3272 966 3335 neque
986 3254 1020 3318 in
1035 3255 1140 3321 Ovidii
1155 3257 1363 3340 metamorph.
1375 3279 1426 3335 xv,

320 3362 382 3426 528
405 3355 481 3419 mihi
503 3353 581 3419 satis
602 3352 763 3436 proprium
785 3353 910 3419 videtur
922 3357 1109 3443 fessumque
1124 3360 1247 3425 rideres
1261 3361 1427 3424 Embolore

321 3462 459 3523 animam
470 3506 479 3538 ,
495 3453 582 3538 quod
596 3455 754 3538 Hauptius
775 3455 808 3519 in
831 3457 1106 3524 observationibus
1126 3459 1244 3525 oritiois
1257 3480 1289 3543 p.
1301 3464 1344 3528 23
1365 3459 1427 3524 for-

320 3566 405 3624 tasse
420 3555 550 3622 defendi
565 3575 661 3639 posse
676 3555 771 3639 dicit:
787 3557 832 3622 ibi
854 3578 894 3623 ex
909 3554 1137 3641 antiquissimis
1153 3560 1318 3628 oodioibus
1329 3562 1427 3627 Hein-

321 3660 360 3725 sii
380 3657 612 3741 Neapolitanus
634 3659 730 3723 habet
751 3661 935 3743 Eubulum,
951 3663 1116 3728 Embolom'
1134 3662 1272 3728 Urbinas
1299 3667 1331 3728 et
1352 3665 1428 3729 Ber·

320 3780 546 3844 neggeranus.
569 3766 707 3825 osterum
734 3764 754 3825 b
779 3762 916 3829 litteram
945 3762 979 3827 in
1004 3782 1161 3828 consensu
1191 3763 1337 3829 oodioum
1364 3786 1428 3830 non

320 3863 440 3928 infero.
458 3865 587 3929 emulare
607 3862 766 3945 oblongus
786 3865 874 3929 solus
889 3888 923 3942 11,
935 3868 997 3932 417
1014 3887 1044 3943 v,
1057 3869 1120 3933 253
1135 3888 1178 3944 vr,
1191 3870 1251 3935 811
1266 3916 1274 3943 ,
1291 3867 1428 3948 quadra-

321 3971 372 4030 tus
393 3967 511 4030 alantis
526 3987 568 4042 vi,
581 3969 642 4032 221
668 3970 700 4029 et
722 3966 904 4031 emebantur
919 3989 961 4048 iv,
979 3972 1062 4035 864.

405 4071 478 4134 437.
503 4067 654 4132 Cranno
677 4089 839 4131 nmmum.
856 4068 927 4132 Itali
951 4074 982 4133 et
1001 4068 1148 4152 impressi
1172 4069 1319 4134 Osann.

405 4173 478 4238 438.
503 4169 619 4235 Or1us
638 4219 645 4248 ‚
665 4192 708 4232 nr
743 4192 865 4233 emus
892 4192 1064 4233 Dissonw
1091 4192 1259 4234 consona
1293 4194 1426 4236 rurus.

322 4273 436 4336 Oo1us
453 4278 611 4337 oorreotor
626 4271 773 4353 quadrati
788 4277 819 4336 et
833 4271 1001 4357 impressi.
1017 4278 1083 4337 tum
1098 4297 1136 4336 ao
1150 4272 1319 4355 impressi,
1334 4274 1427 4339 male.

320 4393 415 4458 porro
440 4377 599 4454 comestor
625 4371 771 4453 quadrati
793 4375 928 4440 dissolvi
951 4398 987 4437 ru
1009 4400 1142 4461 corpora
1157 4378 1289 4461 prima,
1306 4376 1429 4458 perite:

323 4480 498 4541 ceterorum
524 4475 632 4540 nullus
664 4475 766 4555 vidit,
789 4474 848 4542 sed
873 4475 1090 4542 Wakefieldus
1122 4495 1195 4541 eum
1226 4481 1312 4540 reete
1338 4497 1430 4544 seeu-

321 4584 372 4643 tus
395 4582 463 4643 est.

407 4685 480 4750 441.
504 4681 584 4747 Cum
611 4702 796 4746 comesum
825 4702 987 4754 unoum.
1010 4682 1096 4748 Bene
1118 4680 1273 4747 Marullus
1295 4679 1428 4760 Qunu.
