3509 5442
411 589 473 656 180
941 577 986 644 III

413 777 627 820 uouemus.
655 752 714 819 sed
745 776 766 816 s
794 754 852 818 leto
883 769 1010 834 quoque
1044 748 1265 814 asciscendum
1298 754 1397 827 erat,
1426 748 1510 812 utin

414 861 556 937 vr,1042
579 882 600 921 a
623 857 730 942 lapide
751 857 830 919 hoe.
853 873 952 935 quare
973 853 1006 917 in
1028 876 1058 931 v,
1074 858 1137 922 485
1160 851 1244 914 malo
1267 876 1288 914 a
1304 853 1421 916 lebias
1434 865 1509 937 parte

414 980 509 1042 quam
532 961 592 1024 ab.
1352 1008 1356 1016 .

501 1065 573 1130 685.
598 1081 642 1123 ur
667 1079 778 1120 seusu
802 1079 943 1122 cossus
966 1079 1086 1120 runnu
1109 1076 1276 1118 urrunnu
1299 1075 1419 1118 ouum.
1438 1053 1509 1131 Qua·
1553 1048 1556 1088 ³

414 1163 524 1229 dratus
546 1163 662 1248 afluat.
684 1159 741 1223 sed
765 1160 957 1224 eontrarium
979 1179 1030 1223 res
1052 1158 1212 1242 postulat:
1233 1156 1345 1222 debuit
1366 1156 1450 1222 enim
1469 1155 1510 1219 hie
1552 1149 1556 1190 ἶ

413 1266 448 1330 id
470 1263 532 1328 diei
554 1261 642 1345 quod
662 1280 771 1326 verum
793 1283 858 1327 non
879 1268 982 1341 esset,
998 1282 1069 1326 eum
1092 1280 1132 1324 ex
1146 1258 1273 1325 diverso
1294 1280 1409 1326 verum
1431 1257 1511 1322 sitin

413 1364 567 1451 proximis
578 1414 586 1441 ,
599 1367 645 1429 ita
659 1377 806 1428 eoaeaeast
820 1401 863 1409 —
877 1367 929 1428 uti
947 1365 1052 1429 dentes
1073 1386 1194 1448 quoque
1215 1387 1309 1426 seusa
1325 1362 1510 1448 participen-

415 1483 485 1533 tur.
501 1463 664 1550 perspexit
684 1462 794 1527 vidum
809 1465 1005 1543 Lambinus,
1022 1463 1079 1528 sed
1098 1463 1253 1532 rationem
1275 1482 1341 1526 nen
1355 1460 1511 1544 exposuit,

413 1586 518 1651 neque
542 1585 612 1630 eam
635 1570 689 1628 aut
704 1564 873 1631 Creeehius
896 1573 950 1630 aut
964 1562 1180 1632 Wakefieldus
1206 1581 1263 1645 per
1283 1582 1319 1627 se
1333 1562 1513 1643 intellegere

414 1669 538 1755 potuit.
562 1665 719 1748 Forbiger
746 1666 886 1748 ingenua
913 1666 1115 1751 simplicitate
1145 1663 1269 1728 ‘Lamb
1300 1663 1459 1729 Gassend.
1489 1667 1514 1728 et
1554 1676 1556 1685 ·

415 1770 543 1838 Creeeh.
567 1768 708 1852 spurium
731 1775 881 1847 censent,
901 1770 1030 1848 neseio,
1054 1787 1118 1849 qua
1140 1764 1180 1830 de
1203 1765 1334 1830 eausa.'
1355 1764 1514 1830 Lueretius
1553 1769 1556 1787 ³

413 1873 539 1939 videtur
568 1869 733 1952 scripsisse
767 1885 801 1934 at
835 1897 928 1936 sensu
960 1896 1074 1957 eorpus
1107 1883 1208 1932 tamea
1235 1889 1381 1930 escuir
1416 1891 1514 1930 omae.
1554 1898 1556 1903 ·

414 1976 511 2040 malet
535 1979 643 2037 tamen
666 1973 758 2057 effuse
785 1973 839 2054 qui
866 1972 960 2037 huius
982 1972 1069 2035 modi
1092 1968 1267 2053 composita
1291 1968 1327 2033 in
1352 1986 1416 2031 usu
1436 1973 1515 2031 vete·
1554 1968 1556 1973 ’

414 2097 483 2141 rum
509 2074 608 2138 fuisse
630 2072 847 2138 demonstrare
874 2074 1010 2157 poterit:
1031 2093 1105 2137 nam
1128 2072 1238 2157 defeat
1259 2070 1291 2134 in
1315 2068 1423 2134 Plauti
1445 2070 1515 2133 Bae

416 2177 542 2244 ehidum
563 2174 653 2238 initio
677 2173 745 2239 sine
767 2179 895 2240 auctore
918 2175 1035 2240 fertur.
1426 2180 1427 2183 ’

500 2283 573 2346 690.
596 2274 703 2351 Quen
726 2297 827 2337 rrum
850 2297 992 2339 norun.
1016 2275 1190 2339 Lambinus
1214 2294 1285 2338 eum
1307 2273 1412 2357 probe
1433 2272 1515 2338 intel·

413 2380 544 2445 lenisset
565 2375 721 2442 cumillis
742 2376 907 2456 versibus,
925 2397 1058 2459 quorum
1081 2376 1269 2461 principium
1292 2380 1343 2441 est
1364 2377 1451 2441 Nam
1471 2401 1514 2440 ne·

414 2507 473 2568 que
495 2494 579 2545 tanto
602 2503 692 2565 opere
703 2479 929 2561 ‚eoniunetum
946 2498 1017 2544 esse
1040 2478 1125 2560 quod
1149 2479 1199 2543 his
1218 2477 1362 2560 quinque
1377 2477 1513 2543 earmini·

413 2582 474 2647 bus
495 2579 668 2645 interiectis
690 2580 852 2661 sequitur,
869 2582 936 2645 Nee
958 2595 1021 2645 tam
1043 2593 1202 2655 contestas
1225 2605 1294 2644 eam
1316 2582 1401 2658 subt,
1417 2585 1512 2644 tamn

393 2681 506 2746 ¹homo
534 2681 714 2746 levissimus
741 2701 852 2746 verum
883 2701 1030 2747 versuum
1056 2686 1087 2744 et
1113 2681 1265 2746 orationis
1291 2680 1438 2746 ordinem
1458 2701 1512 2745 non

412 2782 509 2849 vidit.
527 2789 649 2849 eeteros
673 2783 756 2847 ultra
777 2782 966 2846 Lambinum
988 2803 1052 2845 nun
1074 2783 1219 2866 sapuisse
1241 2782 1346 2847 minus
1368 2783 1482 2847 miror.

499 2890 572 2953 691.
597 2907 744 2949 conans
767 2908 830 2948 ssu
854 2906 1011 2946 vrsuuun
1035 2906 1102 2946 eun
1125 2905 1239 2947 vnnns
1263 2905 1428 2948 usuros.
1446 2885 1512 2949 (lor-

412 2992 515 3051 reetor
551 2985 698 3068 quadrati
731 2992 761 3051 et
797 2987 893 3052 ceteri
926 3009 993 3049 ena
1027 3008 1141 3050 vuuns
1174 2990 1295 3052 viscera
1332 3011 1445 3052 navos
1459 3037 1468 3068 ‚
1484 2989 1513 3048 ut

411 3107 507 3153 versu
528 3092 611 3155 217.

497 3194 570 3257 693.
594 3191 747 3254 Monens
763 3214 807 3254 uu
824 3213 974 3252 ruamur
991 3212 1033 3252 ur
1050 3211 1188 3253 usurus
1205 3211 1387 3252 suarnaou
1402 3212 1511 3261 neus.

412 3291 593 3368 Quadratus
620 3316 744 3376 aquae.
770 3292 839 3356 eius
871 3297 1028 3356 corrector
1058 3293 1184 3379 pelidae
1215 3293 1356 3376 striupor
1384 3313 1511 3363 neum.

411 3392 482 3456 Itali
505 3412 675 3454 nemum.
696 3392 729 3456 in
752 3394 862 3459 morbo
885 3394 1001 3458 frustra
1023 3398 1229 3475 argutantur:
1251 3391 1422 3458 manifeste
1445 3392 1513 3458 seri·

411 3492 549 3558 bendum
572 3498 620 3557 est
641 3493 810 3558 Moesus,

497 3600 569 3664 694.
593 3595 643 3658 Er
671 3617 776 3659 unsis
800 3618 1010 3662 oeennssus
1039 3619 1182 3661 susurre
1205 3619 1224 3658 s
1247 3617 1434 3661 sanemus
1459 3619 1513 3659 ns·

410 3721 496 3762 eun.
514 3695 686 3762 Creeehius
707 3703 791 3762 reete
806 3722 1034 3763 parnassus:
1051 3699 1108 3764 sed
1126 3703 1295 3782 praeterea
1314 3697 1513 3764 scribendum

410 3822 581 3865 suemus.
603 3799 778 3880 Forbigero
801 3801 990 3866 Wakefieldi
1015 3798 1179 3865 barbaries
1205 3800 1300 3864 valde
1321 3801 1449 3884 placet,
1464 3799 1512 3882 qui

408 3902 485 3968 dicit
504 3904 625 3967 subitas
637 3903 757 3987 stapes
780 3921 851 3968 esse
873 3906 1056 3969 subeuntes.
1554 3920 1556 3937 *

496 4007 566 4071 702.
590 4003 845 4068 Drseuarrrus
868 4027 963 4067 naen
987 4026 1054 4066 eun
1076 4026 1236 4066 clunis·
1252 4002 1431 4069 Brixiensis
1451 4002 1511 4068 edi·

408 4103 452 4167 tio
474 4105 671 4189 Dispertitar
694 4108 775 4168 euim
786 4155 795 4187 ‚
817 4106 887 4169 Itali
917 4111 949 4169 et
969 4105 1124 4170 Marullus
1145 4107 1324 4190 Dispertita
1346 4130 1441 4194 erpo.
1461 4105 1512 4168 ho·

407 4224 477 4269 rum
498 4209 643 4275 neutrum
665 4224 774 4268 verum
798 4213 863 4271 est:
885 4206 925 4271 de
948 4209 1056 4271 anima
1077 4207 1162 4272 enim
1184 4207 1245 4271 hoe
1266 4204 1391 4270 dicetur
1413 4205 1510 4285 infra,
1555 4262 1556 4267 ,

406 4307 493 4370 Dum
515 4308 613 4391 quasi
625 4331 687 4390 per
709 4308 920 4391 caula35q110
943 4307 977 4371 fit
1001 4313 1037 4370 ut
1058 4309 1119 4373 hou
1140 4308 1182 4373 ad
1205 4310 1307 4372 eibum
1327 4306 1441 4371 referri
1461 4307 1511 4371 de·

408 4405 844 4490 beat,ita‚D1sesnrrrus
866 4430 954 4471 nuru
968 4433 1032 4493 per
1054 4412 1185 4474 caulas.

492 4512 562 4576 705.
587 4529 749 4579 Qunuvrs
777 4533 842 4574 usn
870 4532 1029 4573 rursusi
1058 4533 1196 4574 uacuus
1225 4512 1371 4577 Connus
1398 4534 1509 4576 auur.
1555 4518 1556 4535 ¹

405 4605 587 4686 Quadratus
608 4634 711 4675 reesa.
730 4611 884 4676 Marullus
906 4614 1040 4698 quanvis
1062 4635 1221 4677 russeus
1244 4638 1352 4680 reeens
1379 4636 1418 4677 ru
1441 4616 1510 4681 dor·
1555 4698 1556 4703 η
