3509 5442
332 553 395 617 194
858 545 903 608 ΠΙ

330 717 483 782 Marullus
512 715 637 800 uddzjqit
653 739 663 778 .·
682 714 837 778 Antonius
857 764 864 791 ,
886 713 1040 778 Avantius
1057 764 1065 790 ,
1085 713 1294 795 Naugerius,
1317 719 1433 802 aurbu,

332 820 417 903 quod
439 817 612 882 Lambinus
640 816 798 899 praesenti
827 822 972 899 tempere
999 815 1132 899 aeeipit.
1155 817 1260 882 eidem
1284 818 1434 882 Lambinu

332 920 477 985 Gifanius
499 917 651 994 adscribit
665 939 834 993 numum,
852 917 938 998 quod
961 923 993 982 et
1014 917 1066 981 hie
1088 918 1182 982 unice
1204 938 1317 983 verum
1341 925 1390 984 est
1408 925 1435 984 et

222 1067 225 1071 .
330 1022 363 1085 in
377 1041 472 1086 versu
488 1026 569 1089 853.
585 1019 728 1101 proxime
744 1024 817 1082 ante
833 1019 913 1082 haee
929 1018 1088 1099 oblongus
1104 1044 1168 1084 esse
1182 1045 1350 1106 soporem,
1367 1041 1434 1102 qua-

331 1125 440 1187 dratus
464 1149 527 1188 esse
539 1146 692 1208 praebeo:
708 1141 781 1183 mox
803 1119 888 1183 idem
909 1119 1082 1202 quadratus
1099 1134 1170 1184 tutte
1192 1123 1253 1186 illa
1264 1147 1328 1208 per
1351 1139 1433 1204 urta,

330 1230 396 1288 tum
419 1227 551 1289 motibus
573 1237 716 1302 serrant,
733 1221 849 1286 deinde
876 1224 984 1285 turbae
1007 1221 1155 1285 disiectus
1177 1228 1209 1286 et
1232 1224 1435 1309 Consequitur

332 1329 407 1391 lecto
419 1352 429 1408 ,·
450 1322 556 1389 omnia
578 1323 711 1400 vitiose,
733 1329 764 1386 et
790 1322 918 1385 omnino
947 1321 1116 1400 librarius,
1137 1324 1204 1390 sive
1231 1324 1303 1407 ipse
1328 1324 1392 1388 sive
1410 1325 1435 1388 is

332 1447 426 1508 quem
451 1427 615 1508 sequitur,
642 1423 942 1505 neglegentissimus
968 1424 1049 1500 fuit,
1071 1431 1105 1489 ut
1135 1447 1198 1489 nen
1231 1425 1351 1490 debeat
1383 1446 1434 1489 nus

245 1547 250 1553 ·
331 1529 447 1592 merari
469 1527 660 1608 ubieumque
683 1526 841 1606 oblongus
865 1532 950 1589 reeta
973 1532 1004 1589 et
1025 1532 1136 1609 aperta
1158 1527 1312 1610 praebet.

417 1635 488 1698 935.
512 1631 594 1693 Nau
611 1650 741 1690 enims
765 1650 848 1690 surr
872 1651 947 1690 mm
970 1650 1055 1689 vrrs
1077 1651 1170 1690 nnis
1193 1652 1288 1691 scra
1313 1651 1435 1693 euron-

332 1757 422 1805 uus.
447 1735 482 1796 ln
503 1732 553 1795 his
580 1729 658 1793 nihil
679 1730 869 1812 reprehendi
892 1730 988 1795 debet
1015 1729 1076 1792 nisi
1103 1727 1247 1794 descetus
1268 1727 1434 1814 syllabae,

332 1857 425 1919 quam
448 1834 597 1898 faeillime
620 1833 664 1895 ita
687 1832 924 1914 supplebimus,
948 1835 1032 1896 Nam
1052 1833 1155 1916 pratis
1167 1832 1241 1917 fuit
1263 1854 1360 1895 nnnc
1384 1835 1439 1897 ab·

330 1941 395 2003 vita
408 1922 507 2001 {elim
529 1933 675 2017 impressi
699 1935 782 1996 Nam
802 1949 930 2019 pratum
943 1935 1016 2018 ferd
1028 1957 1039 2014 ,·
1058 1932 1141 1995 unde
1164 1932 1270 1996 exorsi
1293 1933 1435 2015 plerique

331 2038 504 2103 vanissima
526 2037 742 2119 protulerunt.
767 2035 824 2099 sed
847 2034 1002 2099 Marullus
1024 2031 1109 2097 idem
1131 2030 1217 2113 quud
1243 2055 1304 2098 nos
1326 2037 1359 2098 in
1381 2056 1434 2100 sue

310 2140 440 2205 'codiee
462 2138 612 2221 seriptum
638 2136 758 2199 invenit
781 2137 872 2221 (nam
903 2157 943 2201 ne
967 2136 1007 2200 ab
1030 2134 1166 2199 Antonio
1197 2134 1326 2216 quidem
1349 2137 1435 2201 Marii

330 2239 395 2303 filio
427 2237 514 2302 aliud
541 2238 714 2302 exhibitum
738 2239 824 2322 est),
850 2258 890 2300 ex
913 2258 975 2318 quo
998 2235 1072 2300 feeit
1092 2237 1178 2300 Num
1197 2241 1304 2322 pratus
1316 2241 1435 2326 βαθείῃ

331 2341 443 2403 melius
472 2346 554 2402 eerte
582 2360 676 2420 quam
706 2339 923 2404 Wakefieldus
951 2341 1035 2402 Num
1055 2351 1181 2424 pratum
1195 2341 1330 2424 suerit,
1354 2340 1434 2422 qued

330 2440 533 2506 Eiehstadius
562 2447 592 2504 et
614 2440 769 2521 Forbiger
798 2447 906 2506 ament
928 2441 1019 2504 lieet.
1041 2438 1222 2520 Naugerius
1245 2461 1311 2504 non
1333 2442 1433 2525 inepte

330 2543 415 2606 Nam
437 2547 469 2606 si
484 2556 579 2630 pratu
591 2544 683 2628 fud.

417 2649 489 2711 941.
513 2644 686 2713 Vrrneuu
710 2666 745 2706 ru
767 2666 998 2721 esuuusosr,
1016 2666 1084 2706 eun
1106 2665 1266 2707 suemus
1290 2667 1432 2707 Annuus

331 2768 490 2816 uunnnrs
512 2747 664 2809 Russuu
687 2770 785 2816 uuor>
809 2768 950 2810 sennar
974 2768 1068 2807 uranu
1092 2769 1134 2808 ur
1157 2769 1351 2811 mersurum
1374 2770 1432 2810 oe·

268 2906 270 2910 .
331 2871 440 2910 emir
463 2870 578 2911 olins.
602 2849 641 2911 In
664 2851 807 2933 efferemus
830 2847 1004 2930 quadratus
1026 2853 1057 2910 et
1084 2847 1118 2910 in
1139 2847 1233 2912 litura
1256 2851 1431 2933 oblongus,

330 2949 362 3012 in
385 2969 447 3031 que
470 2948 593 3014 videtur
615 2948 716 3031 prima
732 2969 827 3013 mauu
849 2951 948 3015 fuisse
971 2953 1002 3014 de
1020 2951 1137 3033 qffl'enst.
1161 2956 1247 3013 reete
1262 2951 1432 3015 Lambinus

329 3055 363 3117 ia
379 3073 603 3116 osssususr.
620 3055 685 3113 tum
701 3052 858 3133 oblongus
883 3059 914 3116 et
937 3050 1011 3113 olim
1031 3050 1175 3133 impressi
1192 3052 1312 3116 addere
1327 3077 1447 3153 queres.

330 3160 362 3218 et
389 3153 422 3216 in
450 3173 545 3218 versu
574 3153 673 3216 altero
696 3155 777 3218 uzali
797 3169 847 3219 et.
869 3155 929 3216 hee
955 3171 1030 3215 veru
1058 3151 1162 3235 ipsum
1185 3155 1267 3217 mali
1287 3168 1344 3235 et,
1366 3174 1431 3220 eum

327 3252 534 3319 Wakefielde·
550 3254 727 3334 elegantius
749 3255 851 3318 visum
874 3259 978 3330 esset,
995 3252 1052 3315 arti
1079 3259 1192 3336 po‘e‘tae
1213 3254 1380 3321 adversari
1394 3257 1430 3319 M.

328 3355 485 3438 Hauptius
507 3353 616 3418 decuit
636 3356 669 3418 in
685 3355 959 3420 observationibus
983 3352 1098 3418 eritieis
1112 3374 1143 3436 p.
1159 3359 1195 3420 ll
1211 3402 1219 3417 .
1235 3375 1369 3438 possum
1390 3357 1432 3421 in-

328 3460 412 3520 stare
428 3455 574 3518 vitiosum
597 3457 691 3539 plane
715 3477 787 3521 esse
810 3464 841 3520 et
864 3457 931 3520 sine
948 3455 1094 3538 exemplo
1110 3502 1116 3516 .
1133 3475 1206 3518 nam
1229 3475 1285 3520 eur
1309 3459 1431 3525 medam

327 3557 481 3622 Senecam
503 3558 536 3620 in
559 3557 741 3623 Phoenissis
757 3564 820 3626 394
842 3557 971 3623 dedisse
1001 3557 1076 3621 Vide
1099 3571 1133 3622 ut
1155 3560 1253 3622 atra?
1268 3579 1342 3624 eum
1363 3581 1420 3644 pus

328 3664 375 3724 set
403 3658 542 3723 scribere
572 3660 669 3724 Viden
686 3662 700 3723 1
718 3674 790 3725 utra
816 3664 912 3724 nubes
934 3661 1065 3746 pulvere
1091 3660 1254 3724 abscondit
1276 3661 1381 3726 diem.
1402 3663 1431 3725 iu

326 3761 440 3824 Lueilii
469 3766 575 3825 autem
602 3760 746 3825 versibus
773 3761 827 3842 qui
849 3766 922 3824 sunt
948 3760 1033 3843 apud
1055 3760 1193 3823 Nonium
1208 3780 1239 3843 p.
1253 3765 1328 3840 260,
1341 3768 1383 3832 28
1405 3768 1432 3827 et

326 3868 398 3939 308,
414 3867 451 3930 18
475 3862 511 3947 tii
533 3882 644 3928 versus
666 3862 726 3924 hue
747 3860 842 3925 medo
865 3861 1026 3925 seribendi
1050 3866 1142 3939 sunt,
1159 3863 1246 3926 Dum
1255 3867 1352 3949 poulo
1367 3867 1430 3930 bibo

325 3963 447 4045 eodem,
465 3965 653 4049 amplector,
671 3964 762 4026 lubra
783 3965 906 4028 labellis
930 3965 1019 4026 Fata
1043 3964 1110 4027 eius
1125 3987 1294 4049 compono,
1312 3968 1377 4032 hoe·
1391 3981 1430 4031 est

324 4087 394 4127 cum
402 4066 654 4150 psoloeopumue:
666 4065 697 4128 N
698 4064 763 4129 onii
772 4063 967 4148 exemplaria
975 4065 1125 4128 ld'etrs'ces
1130 4113 1138 4144 ,
1150 4065 1276 4129 Nonius
1283 4066 1428 4154 ipsefietu

323 4182 343 4226 a
348 4164 501 4250 stupendo
524 4164 633 4243 duxit,
651 4185 721 4229 eum
744 4167 785 4230 sit
804 4188 824 4230 a
828 4166 994 4252 fluendo),
1010 4163 1044 4226 in
1065 4164 1115 4229 his
1134 4167 1202 4230 bibo
1222 4166 1333 4232 littera
1348 4195 1365 4234 o
1380 4173 1428 4232 aut

323 4272 469 4349 correpta
491 4272 545 4329 aut
559 4266 665 4349 potius
687 4286 751 4329 nun
771 4268 850 4331 elisa
865 4265 1034 4330 dicendum
1050 4271 1117 4330 est.
1134 4267 1241 4331 nullus
1258 4268 1344 4333 euim
1359 4276 1425 4353 pos

321 4372 423 4430 tarum
445 4373 570 4448 praeter
585 4373 708 4431 veteres
727 4369 894 4433 scaenicos
909 4367 1135 4431 vocabulorum
1150 4367 1363 4435 lambieorum
1378 4390 1425 4436 vs

322 4466 422 4531 salem
437 4473 609 4532 extremam
626 4488 697 4532 eum
712 4469 800 4534 brevi
816 4467 942 4551 syllaba
958 4470 1137 4552 copulavit.
1154 4478 1346 4550 argumento
1362 4489 1423 4536 esse

319 4562 425 4649 potest
447 4568 552 4633 hiatus
573 4568 605 4632 in
628 4568 688 4633 hee
710 4588 826 4650 genere
850 4589 913 4632 non
933 4569 1137 4654 infrequens,
1153 4576 1188 4634 ut
1211 4573 1302 4658 Hyla
1321 4574 1422 4658 leu5

318 4671 475 4757 iustosque
484 4673 558 4756 puli
565 4671 749 4756 hymertaeos
759 4696 771 4754 ,·
786 4673 935 4736 Maeonia
943 4696 1092 4757 peaerose
1104 4673 1211 4752 domm
1224 4677 1282 4739 ubi
1290 4675 1421 4761 pinquis

1464 4166 1470 4563 l
