3509 5442
856 547 887 611 II
1365 550 1425 617 107

407 720 480 784 537.
518 738 760 782 assuminus
790 740 1055 782 unsrsnnros.
1080 718 1233 783 Marullus
1262 719 1426 804 anquima·

316 842 395 882 nos:
405 817 491 882 idem
501 817 536 882 in
547 841 576 898 v,
589 824 669 887 1303
682 821 770 885 boves
783 822 871 885 lucos
883 824 996 885 turrito
1008 846 1136 906 corpore
1148 835 1240 885 tetros
1252 821 1426 905 Anquima-

318 943 379 984 nos
390 945 401 1003 ,·
415 919 471 983 ubi
494 933 613 984 taetras
636 920 837 985 scribendum
860 921 1009 987 donaba.
1031 922 1088 986 sed
1110 924 1321 1006 aequimanus
1342 925 1428 983 utro·

319 1039 387 1102 que
409 1039 527 1102 genere
549 1021 739 1086 servandum
762 1028 830 1100 est,
851 1021 913 1087 nisi
934 1023 1027 1087 nobis
1048 1023 1126 1087 libet
1146 1022 1329 1100 veteribus,
1349 1018 1428 1102 quid

319 1120 429 1186 dicere
451 1120 636 1202 debuerint,
652 1124 855 1209 praecipere.
872 1123 1055 1188 Priscianus
1070 1144 1100 1207 p.
1115 1129 1178 1193 718
1199 1126 1273 1189 baec
1295 1149 1427 1205 manus,

320 1225 549 1304 duiucmanu85
562 1249 600 1288 eu
612 1249 673 1311 quo
682 1229 884 1312 compositum
896 1228 962 1290 eius
971 1226 1207 1291 declinationem
1216 1227 1366 1310 sequitur,
1379 1226 1428 1288 bic

320 1329 537 1404 centimanus,
560 1327 653 1389 buius
681 1330 896 1392 centimanus.
912 1326 1050 1391 nobilem
1074 1328 1259 1410 scriptorem
1280 1326 1428 1390 Lucretio

320 1431 457 1508 excepto
472 1427 594 1490 nullum
610 1428 765 1509 cognovi,
782 1428 837 1509 qui
851 1427 916 1492 alia
931 1427 1045 1492 dixerit
1061 1450 1156 1510 quam
1168 1434 1255 1494 recto
1270 1433 1302 1492 ct
1316 1432 1428 1508 quarto

321 1547 403 1592 casu
414 1531 626 1608 centimanus,
643 1532 850 1611 centimanum
862 1581 870 1613 ,
886 1533 1093 1597 normanum:
1108 1531 1212 1596 minus
1224 1531 1429 1614 probatorum

321 1633 398 1692 sunt
409 1629 626 1716 lonqimonus,
643 1633 868 1716 aequimanus,
885 1634 1106 1717 aequimanum
1117 1682 1125 1714 ,
1141 1633 1174 1695 in
1186 1631 1352 1713 glossariis
1367 1656 1430 1695 am-

322 1732 488 1814 bimanus,
504 1731 576 1795 Iulii
596 1730 809 1813 Obsequentis
827 1738 886 1799 111
902 1734 1016 1819 puella
1038 1734 1253 1819 quadrimana
1263 1783 1272 1816 ,
1293 1733 1368 1797 item
1389 1738 1429 1801 73

317 1835 421 1917 pueri
439 1833 659 1920 quadrupedes
682 1846 710 1898 et
724 1834 977 1919 quadrumanec.
993 1832 1026 1896 in
1041 1835 1173 1899 Arnobii
1188 1834 1270 1899 libro
1285 1857 1310 1896 11
1323 1856 1354 1917 p.
1368 1840 1429 1913 97,

322 1933 379 1998 ubi
401 1940 451 2000 est
471 1960 534 2001 non
554 1936 694 2020 infantes
716 1937 772 1999 sub
792 1937 939 2000 uberibus
960 1949 1096 2000 matrum
1111 1939 1305 2001 centenarios
1327 1939 1430 2024 leqitis

323 2035 462 2102 edidisse
483 2040 623 2124 uaqitum
634 2040 649 2102 1
662 2035 834 2117 legendum
857 2036 1002 2101 existimo
1026 2041 1235 2102 cenomanos.

411 2141 484 2206 541.
508 2159 608 2208 sunu
630 2161 738 2203 runnu
760 2160 869 2201 nsro.
888 2138 1054 2204 Corrector
1074 2138 1219 2220 quadrati
1243 2145 1274 2204 et
1289 2141 1432 2206 Brixien-

324 2239 370 2303 sis
393 2237 490 2303 editio
516 2265 610 2326 quam
632 2242 772 2304 nus'nr.

410 2344 484 2409 543.
518 2339 587 2404 Cu1
619 2364 754 2406 11111111
789 2364 884 2407 1111
918 2363 1118 2405 1111111111
1152 2364 1206 2405 111
1241 2366 1355 2409 orer.
1384 2347 1432 2412 su

324 2442 501 2524 quadratus
523 2462 588 2507 non
609 2443 725 2523 habet3
750 2444 840 2509 ouius
863 2443 1115 2509 correctortecit
1136 2470 1198 2510 non
1218 2449 1260 2510 nt
1286 2451 1320 2512 in
1343 2450 1433 2531 orbi,

324 2562 431 2626 neque
453 2544 545 2609 aliter
559 2545 715 2611 Antonius
729 2545 821 2610 Marii
835 2569 842 2609 ε
857 2544 1004 2629 impressi
1019 2571 1081 2610 non
1103 2549 1145 2611 sit
1169 2549 1204 2610 in
1219 2550 1309 2615 orbe.
1325 2549 1432 2614 malim

324 2667 446 2712 nunna
469 2648 511 2711 sit
533 2649 643 2735 orbi„

412 2753 486 2818 547.
510 2747 655 2824 Qurrrn
670 2772 808 2814 susurru
824 2773 968 2815 suusur
991 2771 1121 2813 ocum.
1137 2749 1196 2814 His
1217 2749 1433 2816 Wakefieldus

325 2850 505 2917 Bentleium
526 2849 593 2913 vitii
615 2857 722 2916 notam
737 2853 928 2936 apposuisse
949 2851 1064 2930 refert;
1080 2850 1169 2916 cuius
1190 2849 1340 2915 iudicium
1363 2871 1433 2917 cum

325 2955 382 3019 ille
403 2959 489 3018 recte
503 2949 692 3035 probasset,
708 2954 884 3036 Forbiger‚
900 2947 1008 3035 ‘quum
1030 2953 1102 3017 libri
1115 2971 1226 3016 omnes
1240 2951 1326 3023 illud,
1335 2955 1439 3019 oculei

326 3053 506 3133 meantur’,
521 3052 623 3135 inquit
644 3054 775 3139 (habent
797 3039 909 3120 autem
926 3073 1035 3119 omnes
1058 3055 1159 3132 oculi,
1176 3055 1279 3118 oculei
1297 3054 1434 3140 nullus),
1501 3065 1507 3073 '

325 3156 419 3222 ‘nihil
447 3154 594 3237 equidem
624 3176 742 3221 novare
765 3157 867 3221 ausim
881 3160 901 3219 .’
920 3156 954 3220 in
982 3156 1043 3220 hoc
1068 3155 1123 3226 ille
1146 3159 1256 3218 cautos
1279 3155 1434 3236 quosdam

325 3279 365 3324 ac
387 3257 581 3342 prudentes,
598 3257 653 3339 qui
675 3278 710 3323 11
733 3259 859 3323 criticos
882 3257 1009 3336 dicunt,
1032 3256 1155 3338 ingenii
1177 3255 1227 3321 sui
1248 3255 1434 3340 probatores

324 3358 486 3425 inveniet:
502 3378 562 3423 nos
582 3358 706 3423 interim
727 3360 902 3441 cogitemus
925 3359 1002 3441 quid
1022 3364 1136 3441 poetae
1157 3358 1255 3423 menti
1271 3366 1436 3424 consenta-

326 3481 427 3527 neum
453 3458 551 3525 fuerit
573 3460 711 3525 scribere
739 3461 794 3526 ubi
817 3482 901 3526 nunc
929 3467 1002 3526 sunt
1023 3461 1079 3524 illa
1106 3458 1361 3540 absurdissima,
1384 3487 1435 3526 su-

327 3577 417 3630 mam
439 3564 541 3628 oculi.
556 3561 663 3644 itaque
685 3561 738 3626 hio
758 3568 832 3627 ante
848 3564 955 3628 omnia
977 3566 1009 3627 ci
1021 3561 1241 3626 coniunctione
1264 3582 1345 3646 opus
1367 3568 1435 3649 est,
1516 3583 1518 3588 ·

328 3664 469 3748 quaein
490 3663 600 3748 primis
619 3663 732 3729 litteris
753 3664 859 3730 inesse
883 3666 996 3731 debet.
1013 3671 1079 3728 tum
1106 3663 1151 3727 rei
1171 3663 1249 3727 nihil
1270 3662 1359 3727 aliud
1380 3683 1436 3746 ap-

328 3774 396 3832 tum
419 3784 490 3831 esse
505 3770 639 3850 apparet
659 3765 721 3830 nisi
736 3766 817 3846 hoc,
834 3769 958 3854 Qappe
970 3769 1100 3846 etenim,
1118 3768 1150 3829 si
1165 3770 1232 3829 arte
1248 3764 1356 3846 aliqua
1371 3762 1437 3828 effi·

305 3905 310 3913 ·
328 3869 532 3954 ciaturflm’ta
537 3893 601 3953 per
612 3891 699 3933 omne
712 3869 853 3955 Corpora
864 3872 983 3934 iactari
991 3870 1086 3932 unius
1094 3867 1250 3954 qenc’talia
1264 3869 1334 3948 rei„
1349 3866 1437 3932 Unde

328 3974 388 4036 ubi
407 3994 472 4056 quo
486 3972 521 4033 vi
540 3982 568 4034 et
590 3993 651 4054 quo
669 3984 762 4055 pacto
784 3995 952 4059 conpressa
968 3971 1118 4035 coibunt?
1133 3967 1212 4033 dixit
1232 3967 1266 4032 in
1287 3987 1322 4032 11
1343 3968 1437 4032 huius

328 4073 418 4139 modi
438 4071 605 4136 Lucretius
626 4074 807 4137 machinari
826 4077 857 4135 et
879 4075 1058 4158 corripere.
1079 4070 1112 4133 in
1134 4092 1180 4148 111,
1192 4075 1256 4138 944
1274 4071 1360 4134 Nom
1382 4071 1441 4134 tibi

326 4188 495 4263 praeterea
518 4173 603 4258 quod
615 4175 776 4240 machiner
791 4176 1029 4260 inveniamque.
1045 4172 1079 4238 in
1093 4195 1123 4252 v,
1136 4177 1198 4240 247
1221 4170 1313 4235 [llud
1332 4173 1367 4236 in
1389 4173 1438 4235 bis

329 4280 424 4342 rebus
446 4300 484 4340 ne
498 4276 689 4359 corripuisse
704 4278 807 4340 rearis
822 4277 875 4340 Me
890 4275 972 4348 mibi
980 4323 987 4336 .
1003 4274 1077 4338 huie
1097 4275 1169 4338 loeo
1191 4272 1268 4356 quid
1292 4271 1439 4336 conveni·

317 4375 399 4456 ret,
415 4376 492 4441 mihi
515 4375 640 4454 statim,
662 4381 697 4440 ut
718 4396 791 4440 eum
813 4373 1033 4454 consideravi,
1049 4376 1216 4458 apparuit;
1233 4373 1319 4455 quod
1341 4373 1439 4453 longa

331 4488 365 4548 et
386 4499 524 4565 operosa
550 4478 756 4544 meditatione
785 4477 965 4560 quaesitum
992 4477 1130 4560 reperire
1158 4493 1254 4559 posse
1281 4474 1438 4539 neminem

329 4588 437 4667 puto.
467 4587 517 4647 est
552 4586 658 4646 autem
695 4579 806 4664 paucis
844 4578 992 4644 litterulis
1029 4577 1201 4642 immutatis
1238 4573 1438 4640 scribendum

331 4687 458 4774 Quippe
484 4687 595 4752 etenim
626 4705 659 4749 s1
687 4703 957 4747 1111111111.
982 4701 1022 4747 ex
1044 4679 1240 4747 onomastioo
1268 4676 1439 4742 Labbacus
