3509 5442
865 538 896 604 V
1370 543 1433 608 311

412 713 483 778 776.
506 708 639 787 Quove
665 730 768 772 uooo
796 730 960 776 orrncro
987 731 1124 774 numne
1152 732 1282 776 omnm
1306 709 1377 776 Itali
1400 716 1432 776 et

320 810 477 876 Marullus
498 809 690 876 addiderunt
708 812 835 875 valeant
859 833 971 895 parum
994 813 1163 878 observata
1184 818 1360 878 structurae
1382 833 1430 878 ra-

321 913 430 979 tione.
448 913 546 978 multo
566 912 685 979 reotius
707 934 868 976 rossnnr
891 913 1068 979 Brixiensis
1092 913 1209 981 editio.

412 1020 483 1085 782.
507 1017 706 1079 Tonnnanr
722 1036 890 1078 rncnurrs
907 1038 1077 1080 oaununr
1092 1016 1329 1081 connrrrrinn
1344 1039 1431 1081 rnn-

323 1141 378 1181 rrs
397 1167 405 1180 .
421 1117 574 1182 Marullus
600 1117 720 1181 Tollere
750 1130 778 1180 ot
800 1119 929 1182 incertis
951 1118 1057 1182 tendat
1067 1144 1079 1202 ;
1094 1123 1180 1183 reete
1200 1139 1263 1196 rer,
1280 1119 1338 1184 sed
1359 1138 1430 1204 pes·

323 1219 405 1285 sime
431 1219 556 1285 modat.
577 1217 752 1283 Lambinus
778 1238 848 1282 oum
877 1217 1013 1284 vidisset
1040 1218 1241 1283 ‘sententiam
1268 1220 1431 1303 postulare

321 1322 457 1387 verbum
485 1319 607 1384 numeri
633 1318 748 1399 singul.
772 1319 934 1402 praeteriti
960 1320 1133 1404 temporis,
1155 1321 1285 1404 optativi
1310 1321 1429 1407 modi',

323 1422 403 1487 nihil
423 1427 564 1486 moratus
586 1419 712 1503 scripsit
740 1424 867 1485 tentarit
888 1422 1014 1486 credero
1037 1425 1136 1487 ventis
1147 1448 1158 1504 ,·
1178 1421 1232 1503 qui
1254 1423 1314 1488 nisi
1336 1423 1431 1488 nimis

321 1524 527 1600 festinasset,
546 1526 671 1605 poterat
703 1520 734 1585 ei
760 1521 793 1585 in
825 1528 964 1588 mentem
992 1523 1102 1589 venire
1129 1523 1221 1589 verbi
1253 1525 1430 1603 notissimi,

322 1624 412 1708 quod
433 1628 558 1690 eeteros
579 1629 652 1708 post
666 1642 739 1688 eum
755 1622 911 1690 fefellisse
927 1625 1031 1690 minus
1047 1627 1160 1690 miror.
1177 1631 1226 1691 est
1248 1627 1333 1692 enim
1355 1627 1431 1692 seri·

321 1725 466 1792 bendum
493 1740 521 1791 et
546 1728 675 1790 intorem
697 1747 854 1789 cnnmnr
878 1726 966 1811 (narn
994 1728 1127 1810 pluralis
1157 1747 1307 1792 numerus
1328 1727 1431 1810 magis

321 1835 371 1895 est
393 1847 435 1893 ex
463 1847 524 1893 usu
546 1825 701 1911 Lucretii)
724 1831 910 1893 commisero
932 1832 1031 1893 oooo'o
1042 1854 1054 1911 ,-
1073 1828 1114 1893 de
1136 1849 1199 1910 quo
1221 1834 1295 1914 post
1316 1828 1431 1893 Varro·

321 1949 395 1996 nem
423 1935 457 1994 et
482 1933 605 1996 eeteros
632 1928 711 1992 nihil
737 1926 840 1992 haheo
866 1926 994 1993 dioere.
1018 1929 1088 2011 quis
1115 1950 1191 1996 vero
1219 1927 1351 1995 eredere
1377 1928 1431 1994 vel

320 2030 439 2096 iuranti
466 2037 572 2115 potest
593 2028 826 2094 Wakefieldum
853 2030 1008 2112 probasse
1036 2030 1122 2112 quod
1149 2029 1352 2096 membranae
1374 2030 1430 2094 ha·

320 2135 420 2210 bont,
445 2132 600 2198 erodunt?
620 2130 799 2213 ‘quinami'
821 2131 942 2214 inquit:
964 2131 1155 2215 ‘philosophi
1179 2122 1330 2198 seilicet.'
1352 2134 1429 2198 For·

320 2235 416 2316 biger
438 2239 545 2298 autem
558 2232 687 2299 foedum
702 2231 811 2297 neseio
835 2233 925 2298 ouius
941 2239 1152 2299 commentum
1174 2233 1215 2299 ab
1231 2232 1350 2299 Orellio
1373 2253 1429 2316 pe·

320 2336 389 2415 tiit,
411 2335 556 2402 oredmbt
582 2337 768 2400 committere
779 2360 790 2416 ,·
811 2334 898 2417 quod
926 2335 956 2400 ei
984 2334 1229 2418 pulcherrimum
1251 2334 1376 2401 ridetur
1398 2340 1430 2400 et

321 2443 452 2524 propter
474 2435 635 2520 synizesin
655 2441 889 2501 monstruosam
916 2443 948 2501 et
969 2442 1100 2520 propter
1122 2434 1388 2516 signifieationem
1409 2456 1430 2500 a

321 2539 482 2605 vooabrdo
504 2537 751 2603 alienissimam:
772 2535 885 2600 dieitur
907 2538 991 2601 enim
1014 2557 1088 2602 esse
1115 2536 1149 2600 id
1171 2537 1258 2621 quod
1279 2543 1430 2603 astuosa

313 2644 463 2730 seembs.
478 2639 554 2703 mihi
569 2638 612 2704 ad
627 2638 709 2704 haee
722 2637 779 2702 illa
789 2637 905 2702 veteris
917 2639 1030 2702 eomiei
1043 2638 1222 2703 exclamare
1236 2636 1330 2715 lieet,
1346 2657 1430 2718 quae

322 2749 397 2809 sunt
410 2743 445 2806 in
459 2740 611 2806 Varronis
630 2739 671 2805 de
686 2740 797 2822 lingua
811 2738 927 2802 Latina
940 2761 961 2800 v
976 2759 1007 2822 p.
1021 2744 1076 2822 68,
1090 2740 1173 2819 Hui,
1184 2740 1302 2803 vicerim
1318 2739 1428 2820 Vento,

321 2845 450 2911 videone
474 2845 574 2908 loeo?
589 2841 728 2907 Orellius
749 2847 856 2906 tamen
878 2846 1010 2924 postea,
1027 2861 1097 2906 oum
1118 2839 1249 2920 eclogas
1262 2844 1429 2924 poaumm

321 2946 507 3011 Latinorum
528 2943 642 3010 iterum
666 2941 776 3009 ederet
797 2964 882 3007 anno
901 2949 1003 3018 1833,
1024 2945 1141 3009 orarios
1163 2939 1363 3006 scribendum
1385 2939 1429 3004 vi-

322 3048 388 3130 dit;
410 3046 496 3128 quod
524 3051 557 3110 et
581 3063 643 3126 ego
665 3044 854 3126 ignorabam
881 3051 912 3110 et
936 3042 1100 3108 Madvious
1128 3041 1214 3125 apud
1239 3040 1429 3108 Henriehse-

322 3149 411 3213 nium
434 3146 475 3213 de
498 3146 714 3229 Gottorpiensi
737 3145 846 3210 oodioe
861 3167 892 3229 p.
904 3151 967 3214 36.

411 3255 483 3319 784.
507 3270 726 3319 caurusour
749 3271 817 3313 run
840 3270 970 3312 ounrs.
995 3247 1162 3312 Correotor
1184 3243 1316 3329 oblongi
1338 3267 1429 3310 cnu-

321 3373 487 3424 resona.

409 3458 481 3522 790.
504 3474 788 3524 vrneunrnous.
815 3452 1018 3519 Correotores
1039 3450 1252 3534 antiquissimi
1275 3474 1429 3517 vmeun·

322 3577 467 3628 rnoun.

409 3662 481 3726 799.
504 3680 535 3720 s1
558 3680 623 3721 rus
647 3679 759 3722 spur.
776 3656 945 3751 Correotor
967 3655 1099 3738 oblongi
1121 3677 1213 3718 run.

408 3765 482 3829 800.
504 3758 556 3823 Er
578 3781 740 3824 meroen.
757 3759 909 3824 Marullus
931 3779 1093 3821 meroen.

406 3864 480 3932 802.
504 3861 583 3928 Ovs
619 3882 905 3931 remoueatur.
937 3859 1106 3924 Gorreetor
1140 3859 1271 3940 oblongi
1304 3880 1429 3922 antru-

322 3985 520 4036 nonanus.

408 4071 480 4135 805.
504 4067 587 4131 Tun
610 4088 685 4128 r1n1
700 4087 818 4128 ranan
841 4086 958 4127 nnnrr
974 4086 1114 4128 Paruum
1129 4084 1321 4126 uonrnnrn
1344 4086 1428 4127 sne-

322 4191 412 4233 ces.
428 4169 502 4233 Non
516 4171 660 4256 primum
681 4173 767 4245 tun,
784 4166 842 4232 sed
861 4167 1024 4252 Principio
1043 4190 1144 4254 qenes
1159 4166 1292 4229 alituum
1306 4169 1430 4233 varios-

322 4297 382 4358 que
404 4272 547 4337 volucres
570 4269 732 4350 ediderat,
749 4289 833 4334 nune
853 4287 930 4333 vero
953 4268 1051 4332 multo
1074 4266 1168 4350 plura
1189 4288 1343 4331 rnssrn.

409 4377 482 4442 808.
506 4394 618 4436 urnnr
645 4393 791 4435 raanan
822 4392 1027 4434 numeneus
1060 4391 1165 4433 nrrr.
1192 4369 1240 4431 Ita
1273 4370 1429 4436 membra·

321 4493 384 4540 nae
411 4479 444 4540 et
464 4473 660 4539 Veronensis
684 4472 801 4550 editio,
821 4492 927 4554 neque
953 4474 1048 4538 aliter
1074 4470 1108 4534 in
1129 4469 1285 4534 Laetantii
1307 4470 1429 4535 institu-

321 4575 443 4642 tionum
458 4579 588 4654 11,11‚9
613 4574 810 4657 exemplaria
837 4574 913 4640 olim
940 4575 1098 4658 impressa
1129 4576 1162 4635 et
1188 4570 1271 4635 inter
1302 4576 1429 4636 nostros

321 4676 518 4745 Eriurtsnsis
540 4676 662 4756 sodex,
684 4694 754 4743 eum
780 4675 814 4741 in
836 4673 1081 4745 Ererzalusanis
1107 4671 1147 4739 sit
1169 4685 1273 4737 omo.
1297 4676 1428 4758 quartus
