3509 5442
405 572 448 642 52
950 565 965 631 l

403 741 467 807 iam
489 739 633 820 ten0b183
648 744 684 804 ui
704 739 737 804 in
752 762 808 819 111,
821 744 882 810 831
900 738 1161 827 Quandoquidem
1175 752 1293 804 natura
1315 741 1423 805 earini
1441 765 1516 806 mer·

405 847 479 910 telis
495 846 644 909 trabea.
661 841 835 906 Lambinus
850 842 959 907 neseio
977 861 1041 924 qua
1055 840 1197 906 mutandi
1213 840 1346 908 libidine
1362 845 1515 924 habebas,

406 947 492 1029 quod
514 945 589 1010 terri
612 965 677 1008 nen
698 947 823 1026 potest.

492 1053 562 1116 759.
587 1068 735 1109 rururcn
757 1066 872 1108 meurs
892 1067 1028 1110 uuunrs
1057 1068 1146 1109 surr
1169 1069 1292 1118 Areua
1314 1069 1411 1110 vaun
1434 1047 1515 1110 Insa
1538 1080 1541 1089 ·

406 1174 479 1214 arar
493 1172 605 1213 ranna
629 1171 688 1212 sn.
713 1147 897 1224 Quadratus
911 1152 1025 1215 aeneai
1033 1200 1041 1231 ,
1059 1155 1217 1214 eorreetor
1232 1149 1363 1231 oblongi
1377 1175 1516 1232 aeueuo;

405 1253 492 1337 quod
520 1273 591 1317 eum
624 1251 720 1315 eeteri
751 1250 849 1314 seeuti
877 1258 1011 1330 essent,
1032 1251 1250 1316 Wakefieldus
1279 1251 1363 1316 hune
1391 1257 1514 1333 poetam

405 1379 555 1421 veneriam
570 1353 688 1437 plurali
703 1372 834 1417 numero
845 1373 1020 1438 numquam
1034 1353 1186 1419 extulisse
1199 1353 1378 1418 observavit
1390 1373 1515 1436 ,eaque

404 1457 446 1521 de
469 1476 567 1521 eausa
589 1455 701 1520 maluit
723 1458 854 1520 diasirtica
876 1470 950 1521 esent
971 1472 1064 1542 atque
1079 1478 1225 1519 vausuo
1247 1459 1327 1543 Ipsa
1352 1458 1420 1520 erbe·
1438 1459 1516 1520 iuter

404 1584 437 1624 se
448 1609 456 1641 ,
474 1557 562 1641 quod
585 1562 669 1622 reete
691 1555 827 1620 firmavit
848 1558 1001 1624 Varronis
1023 1558 1131 1625 verbis
1156 1577 1239 1640 quae
1263 1563 1336 1622 sunt
1357 1557 1391 1620 in
1412 1577 1515 1622 rerum

405 1661 591 1726 rusticarum
607 1681 628 1737 1,
641 1662 671 1735 2,
690 1663 749 1734 18,
766 1659 922 1744 quaedam
946 1663 1028 1726 emim
1045 1663 1182 1748 pecudes
1197 1662 1339 1726 salterrae
1361 1675 1436 1724 seat
1458 1663 1515 1724 eiri-

404 1765 503 1828 mieae
525 1789 563 1828 ee
585 1760 843 1843 aeneadaeque
869 1781 939 1825 eum
962 1783 1002 1828 ne
1018 1765 1119 1851 Varro
1136 1762 1265 1845 quidem
1281 1760 1418 1825 voluerit
1439 1762 1516 1825 haee

405 1865 598 1946 ooniungere
609 1914 618 1946 ,
639 1865 786 1928 intimatae
814 1890 851 1927 ae
874 1891 1012 1944 venena,
1035 1863 1267 1930 Wakefieldum
1295 1869 1391 1944 atque
1413 1863 1515 1946 ipsum

404 1967 579 2032 Varronem
599 1965 651 2030 hie
667 1963 795 2047 quidem
811 1966 993 2046 sequendos
1009 1967 1090 2031 duee
1105 1992 1111 2030 :
1127 1966 1161 2029 in
1175 1966 1257 2030 libro
1273 1989 1317 2043 11,
1332 1970 1394 2034 461
1421 1986 1516 2031 eausa

404 2069 494 2133 nulla
516 2073 564 2133 est
585 2089 649 2150 quo
673 2067 777 2131 minus
793 2066 971 2133 scribamus
994 2070 1080 2155 qued
1101 2093 1231 2155 eamque
1245 2081 1428 2133 venenasset
1443 2069 1515 2134 Seu-

404 2173 511 2236 eibue.
528 2170 586 2234 sed
608 2170 694 2252 quod
709 2171 832 2235 Nonius
847 2170 945 2235 habet
966 2193 996 2255 p.
1012 2176 1096 2249 491,
1115 2175 1155 2239 10
1171 2191 1210 2235 ex
1234 2169 1348 2235 eedem
1362 2170 1515 2248 Varrone,

406 2275 473 2338 aiae
498 2274 580 2336 aazia
606 2274 741 2336 salivam
770 2298 834 2338 ease
844 2275 992 2359 fraetaie
1019 2298 1134 2340 aeaeae
1148 2323 1157 2355 ,
1172 2273 1206 2336 id
1228 2272 1341 2336 Latine
1368 2271 1432 2335 diei
1454 2292 1515 2336 non

405 2373 521 2439 oredo:
538 2379 569 2438 et
589 2373 707 2438 habent
728 2399 879 2440 vestanum
901 2376 1096 2459 exemplaria
1116 2375 1291 2441 Varronis.

490 2481 561 2544 767.
585 2476 749 2540 Anaaurs
773 2499 1010 2542 erauuurua.
1028 2478 1194 2542 Correotor
1217 2475 1348 2558 oblongi
1368 2478 1516 2542 Aurae-

404 2600 481 2642 urs.
498 2599 572 2642 mox
602 2598 728 2644 versum
751 2585 832 2657 769,
850 2580 904 2661 qui
934 2584 982 2645 est
1005 2584 1066 2648 762
1096 2584 1214 2644 temere
1236 2579 1410 2662 repetitus,
1433 2579 1515 2644 idem

404 2681 646 2746 correctoriam
669 2680 805 2745 delevit.

491 2788 562 2851 772.
596 2806 770 2847 nnruanu
799 2806 842 2846 ur
869 2785 1087 2849 murnr.Ut
1112 2790 1273 2850 eerreetor
1306 2784 1454 2867 quadrati
1488 2791 1516 2848 et

404 2886 474 2950 Itali
489 2911 495 2950 :
513 2885 558 2950 sie
576 2885 770 2950 Veronensis
793 2886 910 2965 editio,
928 2907 992 2951 non
1015 2887 1211 2952 Brixiensis.

491 2993 562 3056 774.
586 2989 668 3051 Nou
690 3011 826 3052 nuruis
841 3038 847 3052 .
865 2988 935 3052 Itali
958 2993 989 3052 et
1010 2988 1164 3054 Marullus
1185 3012 1358 3052 aurumne.

491 3097 562 3159 775.
587 3109 682 3153 sunu
710 3113 872 3163 Qursoua
901 3114 936 3153 ru
963 3113 1114 3155 eonium
1135 3140 1142 3154 .
1164 3091 1321 3156 Marullus
1349 3114 1515 3164 oureoua

404 3198 438 3260 ia
461 3216 602 3257 cenna.

490 3300 561 3364 776.
588 3314 791 3359 osrnuorr.
808 3295 880 3359 Itali
903 3301 935 3359 et
956 3295 1111 3360 Aventius
1134 3317 1347 3360 osrnunur.

490 3401 561 3464 777.
586 3397 664 3461 Gau
695 3379 812 3460 ruins
839 3419 950 3461 sruun
978 3421 1022 3461 nr
1039 3419 1205 3470 ,QUODAM
1228 3420 1302 3460 cuu
1329 3421 1425 3462 noan
1448 3423 1515 3463 un·

404 3522 521 3562 anan.
539 3498 705 3564 (lerreetor
729 3499 861 3581 oblongi
883 3523 1053 3564 maruan.
1070 3507 1136 3565 tum
1151 3499 1326 3564 rectissime
1341 3501 1515 3565 Lambinus

404 3603 535 3668 totidem
559 3600 672 3665 litteris
694 3624 775 3672 suo.
800 3625 925 3667 aanor
947 3629 1017 3668 eam
1040 3629 1129 3668 rere.

491 3710 561 3773 778.
592 3727 628 3766 ru
654 3727 773 3768 nanus
802 3727 993 3769 oronnae.
1018 3704 1080 3781 Qui
1109 3705 1240 3787 paulum
1267 3705 1363 3769 modo
1392 3705 1426 3767 in
1454 3704 1513 3767 hoo

404 3808 542 3874 earmine
571 3812 716 3872 versatus
738 3807 851 3889 fuerit,
867 3829 932 3872 non
955 3807 1111 3872 dubitabit
1139 3794 1215 3889 quin
1237 3806 1399 3891 scripserit
1421 3811 1514 3888 poeta

397 3911 581 3998 primordia
593 3912 769 3997 piquanda'e
791 3914 825 3977 ia
840 3913 925 3976 reba'
946 3932 1151 3973 uncussnsr
1167 3912 1326 3974 Naturam
1347 3908 1512 3973 claudesti-

402 4038 477 4078 aum
498 4012 645 4076 adbibere
658 4037 668 4076 .·
683 4032 787 4094 neque
809 4013 892 4077 enim
916 4012 1009 4077 aliter
1024 4032 1160 4094 usquam
1185 4012 1219 4075 in
1241 4011 1335 4075 huius
1357 4009 1445 4073 modi
1466 4028 1514 4073 re-

402 4114 464 4179 bus
478 4113 603 4176 loeutus
620 4119 689 4178 est.
706 4115 829 4180 aeeedit
852 4115 938 4198 quod
961 4115 1021 4179 hoe
1035 4115 1106 4197 ipso
1122 4115 1242 4192 verbo,
1259 4111 1346 4196 quod
1360 4118 1409 4177 est
1424 4136 1513 4198 opor-

404 4230 464 4298 tet,
480 4234 539 4291 ea,
555 4220 653 4297 puto,
671 4215 711 4280 de
727 4236 823 4282 eausa
839 4217 926 4300 qued
947 4216 989 4280 ad
1011 4214 1131 4280 iudieia
1144 4216 1271 4299 proprie
1286 4213 1444 4297 pertinet,
1460 4232 1514 4276 ne-

403 4335 465 4398 que
480 4315 648 4381 Lueretius
668 4318 732 4382 alio
750 4320 815 4384 ullo
836 4319 870 4384 in
890 4320 961 4383 loeo
977 4337 1055 4382 usus
1076 4323 1143 4396 est,
1160 4337 1264 4399 neque
1289 4316 1385 4381 eeteri
1399 4320 1513 4398 poetae

402 4423 530 4503 praeter
551 4417 690 4483 eomieos
714 4439 752 4483 eo
769 4421 986 4487 delectantur.
1003 4419 1122 4485 habent
1144 4419 1271 4503 quidem
1287 4417 1367 4482 illud
1383 4416 1512 4493 satirici,

339 4581 347 4593 ,
402 4518 566 4596 Lucilius,
588 4520 759 4600 Horatius,
781 4524 930 4603 Persius,
953 4523 1133 4602 Iuvenalis,
1153 4523 1228 4587 item
1251 4520 1437 4594 Phaedrus,
1459 4517 1512 4599 qui

403 4621 524 4688 oomieo
547 4621 658 4702 generi
673 4624 808 4705 proximi
831 4630 923 4704 sunt;
939 4625 997 4689 sed
1019 4645 1059 4689 ne
1082 4625 1114 4688 hi
1130 4624 1258 4707 quidem
1282 4640 1399 4704 saepe.
1416 4640 1435 4684 e
1450 4627 1512 4682 tra·

401 4725 501 4808 gieis,
518 4729 670 4810 quantum
684 4727 770 4805 seio,
787 4726 910 4792 Ennius
922 4746 960 4791 eo
972 4748 1050 4794 usus
1067 4734 1135 4808 est,
1155 4730 1197 4793 Te
1208 4731 1314 4812 disum
1325 4727 1381 4790 boe
1394 4735 1512 4808 operta
