3509 5442
319 536 360 602 72
860 528 876 591 Ι

317 704 432 768 lectum
463 701 583 776 refert,
607 698 705 780 idque
737 697 986 762 Henrichsenius
1020 697 1211 763 confirmat.
1239 705 1288 763 θεῖ
1322 703 1425 763 autem

319 804 421 868 crucis
442 802 528 867 illius
551 802 663 866 eadem
679 799 847 882 utrobique
863 799 1071 891 significatio:
1088 821 1162 863 nam
1184 800 1217 863 in
1239 800 1352 864 codice
1374 800 1426 864 ob·

287 923 289 927 ’
318 906 415 986 longo
437 903 490 969 hic
512 903 648 987 spatium
672 907 744 966 octo
767 900 913 966 versibus
934 900 1126 984 recipiendis
1153 907 1261 983 aptum
1283 901 1425 966 relictum

319 1012 385 1071 θεῖ.
402 1006 465 1069 iam
490 1004 650 1086 quidhoc
672 1003 718 1066 rei
740 1003 781 1067 sit
796 1006 948 1085 apparet.
965 1002 998 1065 in
1012 1002 1093 1066 libro
1117 1023 1155 1066 eo
1179 1023 1219 1068 ex
1242 1023 1304 1085 quc
1329 1002 1427 1069 nostri

319 1107 467 1190 descripti
497 1110 570 1171 sunt
596 1125 672 1188 pars
700 1104 838 1169 schedae
865 1103 1002 1169 rescissa
1031 1110 1124 1168 erat:
1154 1124 1265 1169 versus
1295 1110 1367 1168 octo
1395 1104 1426 1167 in

318 1208 379 1273 fine
407 1208 536 1272 mutilos
562 1205 696 1288 scriptor
722 1204 853 1285 oblongi
886 1206 1050 1270 servavit:
1074 1206 1128 1286 qui
1157 1207 1259 1290 capite
1293 1204 1427 1269 truncati

320 1316 427 1376 essent
447 1310 481 1373 in
502 1309 620 1392 pagina
641 1307 812 1384 interiore,
830 1327 885 1370 eos
909 1313 979 1371 octo
1002 1328 1041 1371 ne
1063 1308 1114 1371 hic
1132 1308 1263 1389 quidem
1287 1305 1427 1371 scribere

319 1433 417 1477 ausus
440 1416 506 1475 est.
523 1411 605 1474 bene
627 1408 667 1472 sit
688 1409 754 1487 illi,
771 1408 857 1491 quod
873 1407 1029 1472 defectum
1044 1414 1109 1472 tam
1125 1410 1249 1473 curiose
1263 1406 1426 1471 indicavit:

320 1513 378 1578 scd
400 1511 477 1595 quid
498 1511 538 1575 εῖθ
554 1512 772 1592 Havercampo
789 1508 950 1587 dicemus,
967 1511 1021 1591 qui
1043 1511 1103 1576 hoc
1125 1530 1165 1575 ne
1180 1529 1427 1576 commemoran-

320 1614 395 1677 dum
419 1612 546 1696 quidem
562 1611 713 1676 duxerit?
734 1616 872 1675 ceterum
887 1631 1039 1677 numerus
1053 1633 1202 1676 versuum
1222 1611 1264 1675 θεῖ
1287 1630 1359 1675 eam
1381 1630 1427 1672 ra-

320 1715 438 1780 tionem
471 1734 566 1796 quam
594 1733 691 1796 supra
728 1712 862 1794 exposui
890 1714 1035 1778 absolute
1064 1714 1234 1778 convenit.
1255 1713 1290 1776 in
1323 1710 1428 1794 priore

321 1816 457 1881 schedae
487 1820 576 1900 parte
602 1814 729 1878 fuerunt
756 1832 869 1877 versus
892 1814 1004 1895 viginti
1027 1835 1111 1893 sex,
1134 1835 1215 1896 quos
1241 1812 1351 1878 notavi
1374 1833 1429 1876 nu·

320 1916 417 1982 meris
439 1938 459 1980 a
484 1922 564 1985 1068
588 1915 629 1978 ad
655 1921 735 1983 1093
751 1966 758 1993 ,
774 1915 808 1979 in
830 1915 968 1981 adversa
994 1916 1107 1998 viginti
1129 1922 1276 1997 quattuor
1298 1913 1429 1991 relicui,

321 2018 436 2099 quibus
460 2018 602 2083 subiecta
630 2024 719 2081 erant
746 2037 784 2080 ea
812 2037 894 2098 quae
916 2019 1076 2100 oblongus
1102 2018 1197 2082 habet
1219 2023 1330 2081 contra
1351 2017 1430 2080 anti-

321 2120 465 2201 quiorum
499 2139 590 2184 usum
627 2119 659 2181 in
687 2139 810 2183 summa
843 2120 963 2202 pagina
989 2120 1129 2203 scripta,
1154 2142 1228 2182 r1r1
1255 2141 1430 2182 nuoasru

322 2243 409 2284 CARI
436 2244 480 2282 DE
509 2243 633 2284 RERUM
659 2241 806 2282 NATURA
836 2244 945 2285 LIBER
971 2247 982 2284 1
1009 2245 1184 2286 EXPLICIT
1207 2244 1348 2284 INCIPIT
1377 2244 1431 2283 LI·

321 2346 389 2386 aaa
416 2345 629 2386 succubus,
654 2320 713 2386 sed
742 2321 782 2384 ab
811 2341 848 2386 eo
879 2323 972 2389 huius
1002 2325 1074 2390 libri
1100 2345 1194 2389 versu
1222 2322 1276 2406 qui
1303 2327 1431 2387 notatus

322 2430 370 2489 θεῖ
391 2444 521 2488 numero
540 2428 621 2500 785,
638 2442 731 2503 quem
747 2423 885 2488 schedae
909 2430 1019 2489 sextae
1035 2425 1177 2490 decimae
1192 2424 1337 2488 ultimum
1361 2444 1432 2489 esse

322 2526 416 2591 docui
443 2525 485 2589 ad
504 2545 631 2590 versum
656 2529 739 2601 734,
762 2545 864 2606 usque
893 2526 934 2590 ad
960 2532 1061 2605 1068,
1083 2527 1137 2608 qui
1165 2532 1214 2590 θεῖ
1235 2526 1376 2608 primus,
1398 2531 1434 2590 ut

322 2633 398 2710 puto
416 2679 424 2705 ,
445 2626 616 2691 vicesimae
645 2626 775 2703 tertiae,
797 2632 869 2689 sunt
897 2628 1037 2691 carmina
1060 2650 1208 2691 cccxxxn
1235 2633 1266 2690 θῖ
1292 2627 1434 2711 capitula

233 2727 238 2734 '
322 2729 402 2805 tria,
423 2728 485 2793 hoc
512 2736 559 2795 est
587 2749 698 2794 versus
722 2750 890 2811 cccxxxv,
912 2749 996 2810 quae
1025 2736 1097 2794 sunt
1123 2729 1261 2813 paginae
1282 2748 1433 2792 versuum

322 2831 466 2896 vicenum
490 2851 600 2896 senum
623 2829 769 2895 undecim
798 2850 861 2892 uno
885 2849 978 2894 versu
1001 2832 1125 2910 minus,
1143 2853 1214 2897 oum
1237 2830 1354 2895 rationi
1377 2831 1435 2897 de-

322 2934 457 2997 beantur
472 2932 663 3009 duodecim,
680 2930 830 3012 quoniam
846 2931 961 2994 librum
977 2933 1152 2997 secundum
1174 2933 1207 2997 in
1223 2933 1328 2997 antica
1343 2933 1435 2997 sche-

324 3034 384 3098 dae
406 3035 525 3118 pagina
538 3034 678 3118 incipere
702 3033 743 3096 ad
765 3031 859 3096 huius
875 3053 1001 3098 versum
1024 3037 1087 3102 203
1109 3034 1307 3099 videbimus.
1323 3034 1435 3116 itaque

324 3135 356 3198 in
378 3136 488 3201 codice
511 3137 682 3219 archetypo
707 3155 801 3199 unam
825 3154 863 3198 ex
887 3134 936 3198 bis
951 3134 1119 3201 duodecim
1135 3135 1262 3220 paginis
1285 3135 1363 3199 nihil
1385 3137 1435 3200 in-

324 3239 473 3321 scriptum
496 3238 645 3301 habuisse
669 3235 790 3301 conicio
810 3285 817 3311 ,
838 3241 910 3299 ante
937 3256 1063 3302 versum
1086 3245 1192 3303 autem
1211 3243 1272 3306 021
1296 3238 1436 3304 intersti-

323 3338 400 3402 tium
422 3338 541 3416 suisse,
558 3338 644 3420 quod
667 3337 786 3401 librarii
811 3337 911 3403 nostri
933 3339 1152 3420 neglexerint.

413 3446 504 3508 1105.
527 3441 557 3504 N
563 3462 631 3502 nvn
647 3461 768 3503 cucur
785 3461 894 3502 cucur
907 3462 1140 3506 rounrnxxra
1158 3464 1322 3507 rxurxx.
1338 3445 1436 3508 Lam-

323 3540 417 3605 binus
446 3542 552 3624 ineptc
574 3543 756 3607 tonitralia.
778 3548 851 3606 ante
874 3561 946 3606 eum
969 3543 1114 3627 impressi
1143 3545 1215 3609 libri
1238 3565 1350 3609 omnes
1372 3569 1436 3608 rn-

324 3666 509 3707 uuruxnru
532 3645 671 3730 templo.
693 3644 867 3725 quadratus
893 3647 943 3710 Nc
965 3660 1110 3711 vertant.
1131 3646 1274 3711 Lucilius
1295 3649 1436 3735 Suspen-

325 3747 419 3811 dctac
444 3772 476 3811 cc
503 3772 583 3811 acac
611 3749 645 3810 ic
664 3747 810 3832 gladebac
833 3749 1010 3830 incurrebat,
1028 3773 1066 3813 oc
1088 3751 1208 3814 caelum
1230 3763 1325 3814 ruat:
1345 3750 1437 3832 apud

324 3847 463 3912 Nonium
486 3869 516 3931 p.
533 3851 641 3925 5028
665 3874 707 3912 ac
729 3852 763 3913 c‘o
786 3854 818 3913 et
840 3851 960 3913 caelum
982 3853 1085 3914 oa'oat.

412 3954 502 4017 1106.
527 3972 568 4012 nr
598 3971 707 4012 omum
730 3989 772 3996 -
803 3955 893 4019 1108.
924 3972 1070 4014 avcaxr
1104 3975 1173 4014 rna
1203 3975 1313 4016 rurus
1343 3976 1452 4017 ruo-¹

325 4072 494 4113 runcum.
511 4053 553 4114 Et
575 4076 677 4116 amares
699 4051 802 4135 prima
824 4072 920 4116 manu
942 4053 1120 4134 oblongus.
1136 4054 1196 4120 hoc
1217 4054 1347 4137 probari
1370 4075 1437 4118 non

326 4151 454 4215 debuit:
476 4150 582 4215 nullus
606 4153 689 4215 enim
714 4153 765 4218 hic
793 4154 825 4217 in
848 4174 953 4218 rerum
975 4155 1196 4220 universarum
1222 4156 1350 4223 interitu
1377 4157 1436 4220 ho-

326 4252 445 4316 minum
461 4255 752 4318 commemorationi
766 4256 856 4320 locus
880 4261 947 4334 est,
964 4256 1056 4336 quasi
1077 4257 1110 4320 in
1126 4257 1172 4322 eis
1188 4279 1311 4323 summa
1327 4279 1434 4324 rerum

327 4355 385 4419 sit.
408 4354 587 4418 necessario
616 4355 817 4422 scribendum
846 4363 894 4422 θεῖ
916 4374 944 4422 et
966 4381 1080 4422 ouum
1103 4400 1146 4406 -
1168 4361 1435 4442 abeant.Ve1·gi-

326 4455 403 4519 lium
425 4455 470 4518 ita
491 4455 650 4522 inversus
673 4457 735 4522 fine
749 4459 898 4543 posuisse
920 4464 999 4546 qaia
1007 4465 1157 4547 protinas
1173 4467 1278 4529 omaa'o
1293 4465 1373 4527 Aen.
1390 4487 1434 4541 νε,

327 4562 388 4635 33,
405 4576 497 4620 nemo
519 4557 664 4639 ignorat.
682 4561 785 4625 eidem
806 4561 839 4624 in
854 4562 1028 4643 georgicon
1051 4587 1093 4644 ιν,
1106 4569 1167 4632 221
1192 4567 1283 4631 deum
1298 4591 1435 4652 namque

326 4661 374 4727 irc
388 4685 452 4751 per
474 4664 579 4727 omnic
600 4683 658 4748 pro
672 4687 736 4750 per
751 4666 851 4728 ornain
866 4663 997 4746 egregie
1016 4665 1151 4732 restituit
1164 4667 1371 4753 Perlcampus
1391 4668 1435 4733 θεῖ
