3509 5442
816 572 820 581 ·
858 552 904 618 VI
1371 559 1435 623 365

331 723 449 788 Verteee
464 721 657 804 quadratus.
675 718 734 787 sed
749 740 806 786 our
819 724 853 787 ic
869 724 959 788 alto?
975 721 1071 785 immo
1086 721 1141 786 ubi
1155 733 1271 791 ventus
1286 726 1387 792 nubes
1402 729 1435 793 in

322 846 426 890 unum
448 824 531 889 sorte
553 823 656 889 locum
680 823 824 905 quemvis
847 824 971 907 coegit.
988 843 1065 906 ergo
1081 826 1114 889 iu
1129 847 1245 890 sano.

412 932 485 998 281.
518 927 609 991 Iuor
643 948 704 990 uar
737 947 946 990 rnacnnurr
980 947 1113 988 onsvrs
1149 948 1321 994 vsnnrvrs
1355 956 1433 998 tour

322 1030 488 1094 Incensus
510 1050 676 1092 1ncnss1r
691 1076 697 1091 .
714 1026 810 1091 Modo
831 1028 947 1092 dietum
970 1033 1038 1093 erat
1058 1027 1145 1092 venti
1160 1030 1311 1097 verticem
1328 1041 1433 1101 elsua

323 1130 501 1196 mobilitate
527 1130 723 1196 incalescere
751 1135 782 1194 et
809 1129 850 1194 ab
876 1129 1005 1213 ignibus
1031 1129 1161 1194 nubium
1184 1135 1433 1215 supervenienti·
1490 1171 1492 1177 v

324 1233 407 1298 bus.
427 1251 505 1315 ergo
520 1232 565 1297 ita
579 1233 702 1314 nubes,
722 1231 756 1296 in
779 1250 842 1313 qua
863 1237 976 1297 ventus
996 1230 1139 1296 inclusus
1161 1239 1228 1312 est,
1244 1237 1433 1318 percalesoit

324 1341 381 1399 aut
402 1355 422 1399 a
444 1339 536 1400 vento
559 1333 682 1398 incluso
704 1338 758 1396 aut
779 1333 821 1397 ab
843 1333 971 1416 ignibus
992 1332 1261 1400 increscentibus.
1281 1338 1354 1405 binc
1376 1362 1432 1426 ap-

322 1443 415 1520 paret
437 1434 597 1518 quomodo
619 1453 732 1501 versus
755 1435 884 1500 mutilus
906 1433 1120 1501 restituendus
1142 1436 1206 1500 sit:
1228 1438 1431 1508 scribendum

322 1545 373 1604 est
386 1539 469 1603 enim
481 1539 560 1604 Iade
571 1538 793 1623 ubipemoiuit
808 1559 992 1621 sarman,
1009 1559 1080 1601 nus
1097 1539 1145 1603 veis
1160 1561 1259 1603 1on1s
1275 1563 1320 1604 nu
1335 1566 1431 1609 sesa

322 1640 465 1728 Impetus
486 1643 632 1707 incessit.
649 1639 745 1722 paulo
767 1644 839 1703 ante
862 1658 958 1704 versu
972 1642 1034 1707 259
1058 1644 1126 1703 erat
1137 1640 1335 1725 fubruiuibue
1353 1672 1430 1733 qra-

321 1743 401 1808 m'do
422 1756 605 1828 tempestus,
623 1739 706 1805 inira
719 1744 783 1810 440
802 1742 942 1827 yroveiia
964 1742 1078 1824 nubes,
1096 1746 1127 1806 et
1142 1740 1193 1806 hic
1207 1745 1270 1811 296
1287 1742 1328 1810 de
1343 1755 1432 1813 aeria

322 1845 506 1910 coniectura
532 1842 670 1930 ‚orcuido
696 1856 819 1908 motura
836 1844 981 1928 fulmine
1008 1844 1130 1908 nubes:
1156 1841 1241 1908 adde
1266 1844 1430 1913 Manilium

321 1969 342 2030 1,
356 1953 420 2017 853
437 1952 467 2012 et
481 1970 515 2025 11,
529 1951 589 2015 75.
606 1964 704 2028 supra
718 1949 777 2014 128
793 1947 927 2030 impetus
941 1969 1033 2010 ouer.

411 2054 484 2119 285.
515 2048 622 2126 Qunu
649 2068 783 2110 oasvrs
806 2067 1031 2117 nassoursua
1054 2069 1227 2133 somnus,
1250 2074 1429 2116 nrsrnosn

321 2172 507 2216 aurnunrr
522 2149 738 2215 Orrarnnan
760 2170 806 2212 un
831 2170 944 2211 cucur
967 2171 1188 2215 vrnnnnrun
1211 2173 1354 2219 usurus
1370 2178 1429 2221 su-

322 2276 461 2319 rnanu.
483 2252 650 2333 Oblougus
672 2251 815 2338 disploso
837 2273 1023 2331 euasura,
1047 2266 1075 2317 te
1096 2253 1261 2339 inlitum,
1286 2259 1337 2323 cui
1354 2258 1429 2342 quid

322 2357 425 2424 subsit
446 2375 511 2420 non
532 2357 683 2438 apparet.
706 2353 764 2418 sed
780 2353 965 2439 opprimere
983 2372 1049 2418 non
1072 2355 1148 2420 satis
1168 2357 1295 2439 proprie
1311 2359 1428 2425 dictum

322 2465 391 2537 est,
408 2477 480 2524 cum
495 2456 625 2522 deberet
639 2474 710 2520 esse
725 2478 917 2540 oppressore
932 2469 1053 2522 terrae.
1074 2457 1190 2522 rectius
1206 2457 1335 2543 diplosa
1349 2462 1430 2528 caeli

321 2559 443 2644 templa
465 2577 596 2641 gravem
618 2556 755 2623 sonitum
777 2556 994 2619 Exrnrunns
1018 2558 1182 2623 dicuntur.

408 2667 481 2731 288.
503 2660 694 2724 Musuuas
716 2680 934 2722 rscuanunu
954 2682 1123 2724 cincun.
1140 2661 1323 2739 Quadratus
1337 2666 1428 2729 Mur·

321 2789 416 2831 mure
437 2775 669 2850 oppecierunt.
690 2760 894 2826 Correctores
916 2761 1037 2844 antiqui
1059 2784 1320 2828 rnacuaauuu.

409 2870 481 2935 290.
505 2864 585 2942 Quo
608 2886 653 2927 ore
677 2884 908 2926 concussus.
930 2862 1096 2948 Oblongus
1117 2865 1219 2950 prima
1239 2884 1336 2930 manu
1357 2891 1427 2931 com-

321 2992 453 3034 eeseoe:
472 2971 630 3031 corrector
644 2990 831 3046 concussos,
851 2971 886 3029 ut
901 2963 1095 3046 quadratus.
1116 2968 1209 3032 huius
1225 2974 1381 3033 corrector
1397 2974 1428 3033 et

319 3076 395 3154 post
416 3088 488 3133 eum
509 3068 629 3152 primus
651 3066 805 3130 Marullus
828 3087 1035 3130 concussu.
1057 3069 1181 3151 reliqua
1201 3069 1295 3134 huius
1316 3089 1427 3135 versus

319 3171 422 3237 verba
444 3170 540 3236 habet
560 3169 742 3235 Priscianus
763 3188 793 3251 p.
806 3173 890 3237 647.

407 3276 482 3340 291.
507 3271 624 3337 Ounrs
648 3294 691 3335 un
714 3292 923 3335 vronnrua.
945 3272 1100 3338 Marullus
1122 3296 1203 3337 us1.

406 3378 480 3444 292.
503 3395 550 3438 uu
571 3395 753 3437 omuvrsu
775 3395 996 3437 auvocsas.
1023 3374 1122 3439 Immo
1145 3398 1333 3441 revocem
1355 3396 1426 3443 cum

318 3476 489 3554 BentleiO,
509 3475 591 3540 utin
605 3498 636 3558 V,
649 3479 712 3546 255
733 3478 819 3540 Pars
835 3478 928 3543 etcum
940 3478 1104 3561 eleborum
1120 3480 1165 3543 od
1178 3479 1327 3547 diluviem
1341 3506 1427 3548 revo-

319 3581 394 3645 cem·
403 3628 410 3643 .
426 3577 644 3643 Wakefieldus
660 3579 816 3656 absurde,
838 3582 873 3640 ut
888 3577 990 3656 solet,
1006 3579 1127 3651 ‘aether
1137 3581 1263 3647 videtur
1277 3602 1427 3649 revocare

317 3681 454 3745 imbrem
468 3679 501 3745 in
517 3679 692 3748 diluviem'.
715 3679 773 3745 sed
793 3697 888 3743 versu
909 3678 1053 3762 proximo
1069 3680 1204 3747 discidio
1219 3685 1313 3749 nubis
1327 3685 1427 3749 venti·

319 3803 383 3866 que
405 3783 547 3867 procella
568 3782 777 3848 non'sonitus
798 3780 877 3844 mitti
901 3780 1037 3860 dicitur,
1066 3789 1100 3846 ut
1126 3782 1228 3847 visum
1255 3791 1303 3850 est
1330 3785 1426 3849 inter-

318 3884 482 3968 pretibus,
504 3883 564 3950 sed
584 3885 704 3955 imber.

404 3991 478 4056 295.
507 3987 556 4052 Es
579 4009 716 4051 eursu.
743 3986 797 4051 Sic
819 3984 1002 4067 oblongus:
1028 3989 1120 4054 Esset
1141 3990 1206 4055 iam
1230 3987 1423 4071 quadratus.

318 4093 480 4155 corrector
500 4090 631 4175 oblongi
651 4091 723 4156 Esr
747 4090 857 4154 etiam.
900 4098 902 4102 “

404 4195 477 4261 296.
508 4214 544 4255 rrr
572 4214 714 4258 usuros
736 4209 888 4254 unuuao
913 4211 1074 4253 cunnrun
1096 4212 1243 4256 suasu.
1270 4193 1425 4259 Marullus

317 4313 512 4358 rucuma:
542 4293 602 4360 sed
632 4299 798 4378 praeterea
826 4290 1029 4358 scribendum
1061 4312 1132 4358 curn
1160 4293 1304 4361 Bentleio
1338 4317 1425 4360 oar·

317 4417 455 4459 vroau.

407 4501 480 4565 297.
503 4518 734 4561 1onsus1nnu
750 4498 921 4582 Vererer,
938 4519 1037 4569 ouran
1060 4519 1190 4562 suerro
1214 4519 1423 4562 voo1rsuus
1497 4555 1499 4559 .

317 4620 459 4663 neurus
487 4620 656 4663 sununs.
680 4601 777 4679 Quem
799 4603 925 4687 caputio
948 4600 1145 4682 quadratus.
1167 4604 1325 4664 corrector
1347 4618 1424 4680 qua-

317 4700 401 4767 droti
424 4702 543 4785 Latio,
564 4720 630 4767 non
652 4701 759 4781 male,
783 4700 841 4766 sed
869 4701 955 4767 haud
977 4702 1045 4767 scio
1067 4721 1109 4765 an
1130 4700 1246 4767 melius
1267 4700 1338 4766 Itali
1360 4723 1423 4765 rs·
