3509 5442
796 417 825 483 V
1301 425 1364 492 321

252 605 324 652 cum
340 587 464 652 claram
479 605 551 653 csse
565 586 632 652 vult
651 586 797 670 ‘undique
817 608 836 654 e
855 588 1030 671 longinquo
1046 590 1256 674 cadabodam’,
1277 591 1364 659 feras

253 689 424 753 decursum
447 708 568 770 aquae,
593 690 646 771 qui
669 689 722 754 vix
743 689 844 754 audiri
866 696 990 772 potest,
1012 691 1128 756 frustra
1149 692 1236 757 clare
1251 693 1363 760 audire

252 789 361 854 iubet.
378 789 475 854 nihilo
497 791 602 856 minus
624 790 675 855 hic
697 790 813 856 factum
837 791 939 857 estid
963 792 1049 872 quod
1071 793 1205 872 dicitur,
1220 800 1362 859 mutuum

253 890 353 955 muli:
377 911 451 956 nam
474 892 613 957 Orellius
636 892 774 957 editione
797 893 899 958 altera
922 895 1045 958 bonam
1061 895 1145 959 Forb
1161 896 1251 960 coni.'
1267 916 1362 977 quam

253 991 331 1057 dicit
354 994 506 1076 recepit.
523 1015 582 1059 nos
604 1000 708 1060 autern
731 994 898 1060 videamus
920 996 1025 1078 potins
1047 996 1087 1060 dc
1110 998 1363 1082 analogia.ver-

254 1094 330 1158 bum
354 1100 403 1159 est
416 1096 537 1177 antiqui
552 1095 629 1160 iuris
644 1096 764 1180 publici
786 1099 967 1182 olorzjqarc:
988 1098 1022 1161 id
1045 1098 1098 1179 qui
1120 1100 1249 1182 saepius
1264 1099 1360 1178 facit,

254 1196 501 1261 Onnarcrrnr:
527 1217 602 1260 nam
630 1196 716 1278 quod
741 1197 814 1262 libri
841 1201 942 1264 nostri
969 1226 985 1264 c
1012 1200 1148 1265 litteram
1174 1222 1233 1285 pro
1258 1228 1279 1288 9
1308 1221 1362 1267 ex·

252 1297 385 1377 hibent,
418 1305 555 1364 attentos
592 1298 705 1362 horum
742 1301 1038 1366 commentariorum
1075 1302 1213 1368 lectores
1245 1304 1363 1369 morari

252 1420 319 1465 non
341 1400 456 1466 debet.
471 1401 579 1482 itaque
602 1402 760 1485 clericare
787 1408 818 1465 et
839 1404 1023 1489 cicrc‘pr‘torc
1037 1408 1101 1466 tam
1116 1411 1202 1470 recte
1218 1405 1363 1470 dicuntur

253 1522 352 1584 quam
364 1506 539 1589 paorchore
551 1505 708 1589 paripare
720 1502 781 1588 (sic
792 1505 893 1568 Varro
910 1523 1013 1568 rerum
1025 1504 1210 1570 rusticarum
1226 1529 1259 1583 11,
1268 1513 1298 1585 4,
1307 1507 1361 1592 14)

252 1608 422 1692 paryr'tare
429 1607 598 1692 famiqore
608 1607 765 1690 remipare
777 1608 925 1691 oac'tioore
939 1606 1076 1692 {ovipara
1090 1607 1217 1692 latapetra
1232 1611 1363 1694 turpare

255 1709 450 1794 obiurqa'tare
464 1708 636 1794 aaciqara.
653 1709 892 1792 claricatioocm
903 1712 1009 1771 autem
1022 1725 1128 1769 rerum
1143 1708 1362 1790 repetitionem

254 1828 328 1874 esse
351 1809 429 1874 satis
451 1814 591 1872 constat.
604 1808 712 1890 itaque
732 1807 860 1889 legatus
880 1829 952 1873 cum
974 1807 1162 1890 clarigatum
1184 1809 1287 1893 capite
1308 1831 1363 1878 ve-

254 1911 320 1975 lato
342 1909 396 1974 filo
419 1910 618 1991 mittebatur,
634 1909 708 1975 illos
729 1909 874 1975 homines
889 1909 1025 1989 illasque
1048 1927 1099 1973 res
1122 1907 1234 1975 dedier
1250 1931 1363 1996 expos·

255 2012 368 2078 cebat.
383 2011 478 2087 item,
503 2009 589 2093 quod
611 2017 659 2076 est
680 2011 766 2094 apud
781 2011 906 2076 Livium
927 2011 961 2074 in
975 2032 1043 2088 vm,
1057 2015 1106 2088 14,
1122 2008 1277 2077 Veliterni
1299 2034 1362 2097 quo

254 2119 398 2197 tempore
420 2112 498 2177 iussi
520 2119 611 2178 erant
631 2119 719 2178 trans
734 2112 873 2178 Tiberim
896 2112 1060 2191 habitare,
1083 2111 1151 2177 eius
1173 2113 1228 2194 qui
1250 2114 1296 2179 cis
1310 2115 1364 2179 'Ii-

254 2215 357 2281 berim
385 2213 601 2297 deprehensus
629 2219 660 2278 et
687 2220 797 2297 captus
827 2221 912 2279 esset
940 2233 1040 2296 usque
1068 2211 1111 2276 ad
1141 2212 1229 2280 mille
1255 2216 1363 2300 pondo

255 2336 366 2382 assum
388 2322 457 2381 erat
478 2316 660 2398 clarigatio,
676 2315 710 2380 id
732 2322 780 2380 est
805 2315 951 2399 repetitio
963 2338 971 2394 ;
992 2314 1077 2396 quod
1100 2333 1156 2379 aes
1178 2316 1301 2383 scilicet
1323 2318 1364 2384 ab

254 2419 328 2502 ipso
351 2418 487 2485 velare
507 2417 636 2501 publica
651 2418 886 2482 Veliternorum
902 2416 1078 2481 solveretur
1091 2465 1098 2480 .
1111 2414 1155 2480 ad
1176 2415 1237 2482 hoc
1259 2438 1365 2484 exem-

254 2521 345 2606 plum
358 2520 446 2607 (nam
458 2521 617 2606 cloripara'
625 2522 744 2606 aliquia
755 2524 879 2603 potest,
893 2518 1042 2601 quoniam
1052 2520 1189 2582 alicuius
1197 2521 1364 2605 clarrpctio

255 2623 319 2708 est)
341 2627 437 2704 polita
461 2621 537 2686 dicit
563 2619 681 2684 flumen
702 2619 786 2684 feras
807 2639 825 2684 e
848 2619 1028 2701 montibus,
1050 2619 1083 2682 in
1106 2618 1221 2699 quibus
1243 2618 1287 2683 ad
1308 2641 1365 2704 pa·

254 2724 334 2790 bula
356 2723 541 2805 quaerenda
557 2727 751 2804 evagantur,
769 2721 861 2803 quasi
881 2723 1065 2808 cloriqitora
1074 2771 1082 2803 ‚
1098 2719 1159 2784 hoc
1174 2726 1223 2785 est
1237 2740 1365 2804 semper

254 2831 402 2910 repetere
424 2831 455 2889 et
476 2824 682 2906 recolligere,
699 2822 847 2905 quoniam
870 2829 999 2906 propter
1021 2822 1107 2887 sitim
1129 2842 1165 2887 se
1187 2822 1229 2886 ad
1248 2843 1365 2905 aquam
1389 2821 1391 2824 ’

256 2927 400 3011 recipere
423 2932 597 3010 coguntur.

344 3033 418 3097 948.
440 3028 635 3104 Dnuroun,
672 3048 774 3090 nora
806 3048 934 3103 ruore,
974 3047 1188 3089 srnvnsrnrs
1222 3048 1364 3091 raum

258 3151 451 3194 rnnannur
491 3130 749 3194 Nrunnnauu.
789 3126 985 3192 Sententiam
1025 3127 1176 3212 pervertit
1212 3129 1367 3194 Marullus

257 3230 429 3298 scribendo
452 3234 631 3317 ooorrbapi:
646 3228 707 3294 hoc
728 3235 835 3293 tamen
856 3228 911 3293 ille
933 3228 1133 3294 Wakefieldo
1155 3228 1272 3293 rectius
1294 3249 1366 3295 sen·

257 3334 318 3411 sit,
333 3334 544 3417 nympharum
568 3332 682 3397 domos
696 3331 803 3412 inepte
827 3336 858 3393 et
877 3336 1003 3412 praeter
1017 3351 1084 3395 rem
1100 3328 1164 3395 dici
1186 3336 1278 3395 notas
1292 3349 1366 3396 esse

257 3435 363 3501 solere
385 3435 565 3499 hominibus
587 3433 706 3498 circum
728 3432 938 3514 vagantibus,
962 3430 1020 3496 sed
1048 3432 1125 3497 satis
1152 3437 1200 3496 est
1226 3431 1366 3497 scribere

258 3559 370 3610 vncr,
393 3541 428 3600 ut
449 3535 510 3620 ipsi
531 3535 579 3600 illi
602 3534 694 3618 primi
715 3532 865 3597 mortales
887 3532 1085 3597 indicentur.

346 3643 419 3706 949.
445 3659 580 3708 oureus
609 3659 628 3699 n
657 3658 811 3699 SCIBANT
843 3655 968 3699 uuonan
1000 3655 1167 3697 rnunurn
1200 3635 1366 3699 Lunares

258 3761 473 3805 raouuvrsn
496 3762 616 3804 aaron
639 3759 781 3801 nnvnnn
803 3758 920 3801 umron
943 3757 1035 3799 saxa
1049 3783 1056 3798 .
1072 3735 1120 3798 Ita
1141 3736 1367 3825 membranae,

259 3845 375 3929 quibas
405 3844 542 3908 accibant
553 3867 564 3924 ,·
592 3837 679 3923 quod
707 3858 778 3903 cum
807 3840 1047 3921 Havercampus
1068 3841 1152 3900 recte
1174 3836 1366 3920 rettulisset,

257 3951 368 4009 tamen
397 3962 491 4008 nemo
517 3940 596 4006 vidit
622 3940 736 4004 litteris
765 3939 915 4003 diiunctis
937 3936 1139 4004 scribendum
1160 3956 1232 4002 esse
1255 3941 1368 4024 quibos

259 4072 276 4112 e
299 4046 441 4111 scibant.
464 4044 540 4108 olim
564 4041 712 4126 impressi
741 4043 914 4123 certabant,
937 4039 1008 4105 Itali
1031 4041 1157 4105 eaiboor
1168 4087 1176 4118 ,
1198 4038 1368 4105 Wakefiel-

263 4147 327 4212 dus
342 4149 506 4212 accibant.
523 4143 579 4209 sed
591 4146 716 4229 floeora
737 4142 847 4227 putide
869 4161 908 4207 ac
929 4159 1077 4224 perverse
1097 4139 1244 4203 dicuntur
1264 4164 1371 4207 amore

262 4250 410 4315 lubrico:
442 4247 549 4329 itaque
582 4245 799 4310 Wakefieldus
838 4264 858 4307 a
890 4241 1038 4308 Bentleio
1078 4240 1188 4305 debuit
1224 4240 1371 4322 accipere

260 4349 392 4414 unoar’
404 4350 548 4436 fluento,
574 4367 636 4428 quo
660 4366 695 4412 se
715 4346 810 4412 homo
832 4344 930 4409 mirus
944 4341 1024 4406 nihil
1047 4361 1197 4423 umquam
1213 4341 1369 4406 infelicius

260 4449 382 4516 vidisse
404 4454 532 4515 narrat.
549 4447 701 4533 deinceps
728 4447 812 4531 apud
834 4446 975 4511 Nonium
1000 4464 1031 4526 p.
1047 4448 1153 4520 504,8
1175 4441 1272 4526 paulo
1299 4458 1370 4505 rec·

261 4554 327 4619 tius
350 4552 501 4636 scriptum
523 4555 609 4616 extat
622 4552 791 4637 proluvie.
1101 4646 1141 4708 21
