3509 5442
841 560 887 625 111
1357 564 1417 631 157

303 752 414 814 ungas
437 737 537 814 agunt
558 730 636 796 Pius
659 727 941 810 elWahefieldus.
958 728 1112 792 Marullus
1134 730 1264 814 alvoque
1286 733 1419 816 repostis

302 835 494 900 Discidium
517 848 551 899 ot
572 845 705 918 nequeat
715 832 813 918 fleri.
830 831 888 895 sed
910 830 1071 914 aptissime
1087 830 1260 896 Lambinus
1281 831 1417 915 priorem

302 954 437 999 versum
466 954 538 999 eum
568 933 785 1017 superioribus
808 931 995 1012 coniungit,
1016 936 1051 994 ut
1077 938 1187 995 mutua
1209 935 1350 1017 eorporis
1373 941 1419 999 at-

304 1056 371 1117 que
394 1037 524 1102 animae
540 1035 689 1117 sonegia
709 1033 823 1098 vitales
844 1040 949 1098 motus
964 1033 1083 1098 discere
1105 1032 1249 1098 dieantur
1264 1039 1419 1101 Materm'o

304 1143 405 1204 etiam
435 1141 581 1205 manau
603 1138 734 1223 alvoque
757 1156 919 1198 annosus
939 1183 947 1198 .
969 1134 1013 1199 ita
1040 1155 1115 1200 vero
1138 1136 1321 1202 necessario
1344 1137 1419 1202 seri-

303 1239 452 1306 bendum
480 1246 528 1306 est
553 1239 735 1305 Discidium
762 1259 806 1301 ur
840 1251 973 1323 nequeat
988 1239 1091 1322 fleri.
1112 1243 1143 1303 el
1172 1258 1281 1303 verum
1308 1245 1357 1303 est
1385 1239 1419 1302 in

305 1341 455 1423 oblongo
479 1368 510 1407 m
537 1341 673 1405 litteram
702 1339 736 1402 in
766 1338 861 1402 litura
892 1357 989 1403 esse:
1016 1339 1075 1403 fuit
1108 1346 1239 1419 autem,
1267 1347 1419 1423 quantum

305 1444 470 1509 contentis
491 1442 592 1508 oeulis
613 1442 721 1507 videre
743 1439 852 1525 potui,
869 1442 1071 1506 Doleoidioot.

397 1549 474 1614 357.
496 1547 614 1610 Punnr
635 1565 723 1608 numo
746 1564 846 1613 ouon
870 1564 940 1606 uon
960 1565 1148 1607 rnonnwu
1170 1568 1255 1608 nous
1278 1568 1361 1610 mus
1385 1569 1418 1609 ru

308 1669 410 1710 anvo
430 1697 438 1723 ‚
459 1647 667 1717 Munrsoun
695 1666 913 1708 insunuans
944 1668 1079 1708 nunnus
1112 1668 1160 1709 ou
1189 1671 1420 1713 nxrnumroa

308 1771 409 1813 nnvo
435 1770 560 1819 ousu.
582 1748 750 1813 Oomeotor
773 1746 904 1827 oblongi
926 1748 1064 1811 Pnnorr
1087 1751 1188 1814 eodm.
1205 1755 1270 1814 turn
1297 1755 1364 1816 eirea
1386 1756 1419 1816 ob

309 1877 387 1917 aevo
416 1857 550 1931 uterque
578 1850 680 1914 oodex
706 1848 775 1914 sine
804 1848 870 1912 ullo
894 1848 1020 1914 alienae
1047 1871 1159 1914 manus
1181 1851 1341 1933 vestigio:
1363 1853 1420 1917 sed

312 1953 492 2038 quadratus
515 1953 562 2027 el,
586 1952 673 2035 quod
695 1950 771 2033 quid
794 1954 880 2015 esset
902 1950 1160 2035 Haveroampus,
1178 1951 1272 2017 homo
1293 1953 1421 2037 imperi-

311 2049 384 2135 lus,
408 2075 474 2119 nou
496 2053 669 2118 didicerat.
690 2078 785 2138 qoam
797 2103 805 2135 ,
829 2050 915 2135 quod
944 2052 977 2116 in
1003 2052 1065 2117 fine
1086 2073 1198 2119 versus
1223 2055 1358 2139 legitur,
1380 2076 1421 2121 ex

313 2157 461 2240 margine
488 2156 598 2220 dexho
627 2154 745 2219 oodiois
774 2152 939 2237 archetypi
960 2153 1037 2219 illue
1057 2155 1164 2221 venit:
1185 2167 1234 2222 est
1258 2156 1341 2221 enim
1370 2157 1421 2222 hie

313 2279 428 2327 uersus
459 2258 571 2322 tertius
598 2257 737 2341 paginae
767 2256 860 2321 huius
887 2255 959 2320 libri
987 2255 1115 2336 quintae
1148 2258 1316 2336 decimae,
1338 2279 1421 2341 quae

314 2359 375 2426 luit
395 2360 430 2424 in
452 2366 542 2443 parte
565 2358 692 2423 sinistra
714 2357 871 2423 schedae.
893 2356 1030 2422 debebat
1054 2365 1159 2424 autem
1181 2361 1277 2427 snribi
1300 2384 1420 2439 ouon,

315 2461 403 2546 quod
427 2465 496 2527 erat
516 2460 550 2524 in
563 2460 634 2544 ipso
649 2478 744 2526 versu
758 2458 935 2523 mutilatum
951 2486 1022 2525 om.
1039 2460 1099 2526 hoo
1112 2463 1184 2526 Itali
1197 2463 1261 2528 iam
1275 2463 1422 2529 viderunt

317 2571 347 2630 el
361 2562 538 2630 Brixiensis
553 2561 673 2639 editor,
690 2561 744 2646 qui
765 2560 921 2626 dederunt
935 2586 1003 2626 euru
1018 2611 1025 2625 .
1042 2562 1099 2627 sed
1117 2562 1150 2626 in
1172 2570 1305 2647 utroque
1326 2586 1421 2632 versu

316 2665 553 2750 interpretando
579 2685 662 2728 unus
685 2662 856 2729 Oreeehius
877 2662 999 2745 aliquid
1026 2663 1067 2727 ad
1094 2684 1160 2728 rem
1182 2665 1256 2732 feeit
1277 2668 1422 2732 adferen-

317 2768 365 2833 dis
387 2767 522 2851 Epicuri
541 2765 668 2844 verbis,
685 2785 766 2848 quae
789 2770 862 2829 sunt
883 2765 969 2847 apud
987 2765 1164 2847 Diogenem
1186 2767 1219 2832 in
1241 2769 1322 2835 libro
1337 2776 1422 2848 am

316 2871 360 2935 ila
368 2861 1421 2958 οουοθρῒει.διὸἆπαλλαγείσηςτῆςψυχῆς(τὸλοιπόνόἷθροισμα)

318 2968 377 3040 οὐκ
388 2968 456 3054 ἔχει
468 2969 527 3059 τὴν
538 2966 723 3058 αἴσθησιν·
741 2963 853 3056 οὐγὰρ
867 2962 949 3033 αὐτὸ
967 2966 1001 3032 ἐν
1013 2965 1119 3056 ἑαυτῷ
1134 2967 1257 3059 ταύτην
1271 2971 1421 3060 ἐκέκτητο

317 3074 375 3163 τὴν
387 3069 543 3156 δύναμιν,
556 3066 631 3137 ἀλλ’
646 3066 747 3159 ἑτέρῳ
760 3068 829 3154 ἅμα
839 3072 1102 3159 συγγεγενημένῳ
1114 3069 1203 3162 αὐτῷ
1215 3072 1423 3161 παρεσκεύα-

319 3177 389 3258 ζεν.
407 3176 465 3241 sed
476 3175 614 3241 debebat
625 3192 734 3238 eorum
746 3174 926 3239 meminisse
943 3195 1025 3255 quae
1039 3183 1133 3260 posta
1148 3199 1245 3262 supra
1260 3179 1339 3243 dixit
1349 3184 1422 3258 213,

319 3279 377 3345 Nil
390 3280 579 3343 ibo'lobotaon
595 3276 633 3341 de
648 3290 706 3341 toto
722 3300 850 3362 corpore
865 3303 976 3342 ceruos
991 3279 1047 3343 Ad
1059 3284 1192 3366 speeiem
1201 3331 1211 3365 ,
1226 3282 1275 3346 ao'l
1289 3282 1335 3346 od
1343 3308 1422 3368 poo-

319 3380 377 3444 das
390 3404 400 3444 .·
415 3404 500 3444 mors
514 3381 619 3444 omnio
627 3391 783 3464 praestat,
803 3379 933 3444 Vo'talem
946 3396 1074 3464 praeter
1088 3407 1211 3448 sensam
1224 3384 1423 3473 calidamque

319 3505 488 3567 vaporem:
502 3480 548 3544 ita
567 3479 650 3544 enim
672 3478 882 3544 intellexisset
902 3480 981 3544 illud
997 3484 1161 3568 Multoque
1179 3499 1345 3570 praetereo
1359 3506 1423 3549 non

319 3580 491 3647 delendum
514 3600 605 3659 esse,
626 3581 684 3646 sed
704 3600 804 3664 parva
825 3600 923 3665 opera
949 3583 995 3647 sio
1018 3584 1256 3665 mingendum,
1279 3589 1424 3651 Nonnu-

320 3705 391 3754 Qun
412 3697 578 3769 praetereo
599 3681 729 3768 perdit,
751 3707 842 3769 quom
869 3687 1038 3770 eapelldor
1065 3711 1159 3751 aevo.
1179 3690 1299 3762 Nullo,
1320 3689 1354 3752 id
1376 3694 1425 3754 est

319 3784 427 3850 nullas
449 3803 523 3863 res3
538 3789 573 3847 ut
593 3783 627 3846 in
641 3805 663 3861 1,
675 3786 738 3850 242
759 3785 817 3848 obi
833 3785 925 3849 oolla
936 3786 1049 3871 format
1071 3801 1195 3853 aelmon
1218 3813 1365 3874 corpore.

405 3889 480 3956 361.
502 3885 764 3961 Drnnromnsn,
788 3905 932 3949 cousus
960 3910 1032 3950 cuu
1055 3909 1187 3953 snusus
1216 3913 1337 3953 nuens
1360 3912 1424 3954 so-

319 4010 419 4053 auu.
444 3986 627 4064 Quadratus
653 3988 797 4073 Doffleo'le
824 4001 893 4052 est.
915 3988 1091 4053 Lambinus
1123 3990 1240 4073 optime
1266 3992 1424 4055 Dnsmn-

319 4111 409 4154 nnsn
422 4139 431 4168 ,
445 4102 555 4154 eontra
576 4113 646 4153 eum
666 4088 1098 4167 n10a130uiWakefieldus
1123 4097 1154 4157 et
1175 4093 1330 4175 Forbiger
1353 4115 1424 4159 oum

320 4196 432 4256 eontra
454 4189 583 4268 dieunt,
599 4187 778 4274 desipiunt.

407 4295 481 4362 362.
515 4291 654 4356 Snusus
682 4314 770 4355 nuru
799 4315 933 4356 usuum
959 4315 1079 4366 anons
1106 4318 1211 4359 acuns
1237 4319 1424 4362 nnnnunrr

320 4417 366 4458 un
390 4415 496 4458 rusus
513 4441 521 4456 .
540 4393 629 4457 Haeo
657 4393 683 4457 si
710 4394 917 4473 omittantur,
937 4394 1113 4478 planiorem
1142 4398 1330 4463 sententiam
1356 4399 1424 4465 fore

320 4496 498 4561 Lambinus
519 4499 605 4560 reete
627 4493 726 4558 dioit:
748 4495 833 4560 idem
864 4516 928 4578 quo
953 4497 1022 4560 iure
1050 4498 1098 4562 eis
1123 4519 1189 4563 rem
1211 4501 1324 4565 falsam
1353 4508 1426 4566 eta

320 4595 458 4663 desuetis
476 4594 607 4680 upiouri
628 4594 849 4662 abhorrentem
873 4599 979 4662 inesse
1000 4599 1119 4665 iudicet
1140 4600 1245 4666 dicere
1267 4622 1330 4666 uon
1351 4622 1426 4685 pos·

320 4718 420 4779 sum,
442 4697 519 4780 quia
544 4716 650 4779 neque
671 4697 775 4781 ipsum
797 4719 923 4766 versum
945 4720 1051 4782 neque
1072 4703 1212 4768 'lhrnebi
1233 4707 1288 4766 aut
1309 4702 1426 4767 Wake-
