3509 5442
842 554 891 617 ⁴II
1368 559 1427 624 121

317 723 453 788 barum.
475 742 551 788 nam
571 727 645 806 post
666 722 738 789 Car.
758 722 880 788 Ludov.
897 722 1056 789 Sturium
1081 743 1142 806 ego
1164 723 1206 788 ad
1227 722 1356 807 Ulpiani
1379 745 1429 791 re·

318 824 470 905 gularum
497 824 621 891 titulum
637 830 700 904 x‚1
724 832 755 890 et
783 825 816 889 in
844 845 927 890 novo
954 845 1066 890 museo
1088 825 1241 890 Rhenano
1261 848 1298 889 111
1318 847 1349 910 p.
1365 831 1428 896 613

318 925 416 990 docui
430 927 578 1004 venditur
599 927 696 992 vendi
714 927 826 1009 hisque
842 925 960 992 similia
974 927 1093 1009 primos
1115 946 1156 992 ex
1177 926 1223 991 eis
1238 947 1320 1009 quos
1341 928 1430 993 novi·

319 1047 393 1093 mus
409 1026 617 1111 scriptoribus
628 1027 799 1112 Ulpianum
814 1034 846 1095 et
858 1028 992 1094 Paulum
1009 1027 1149 1107 dixisse,
1162 1029 1310 1114 perditur
1324 1034 1429 1093 autem

318 1148 379 1213 pro
399 1131 486 1216 perit
507 1129 634 1194 omnino
657 1129 799 1196 nullum.
825 1130 1007 1195 exciderant
1027 1129 1103 1193 mihi
1125 1134 1191 1193 tum
1214 1129 1254 1194 de
1275 1129 1431 1196 memoria

319 1249 433 1295 versus
454 1229 597 1308 Afranii,
619 1251 700 1311 quos
721 1234 867 1298 Donatus
890 1230 1018 1296 exhibet
1043 1230 1085 1294 ad
1105 1231 1245 1296 Terentii
1266 1230 1430 1314 Adelphos

319 1353 367 1410 111,
376 1337 408 1410 4,
416 1336 459 1400 34
470 1330 515 1396 ita
527 1329 677 1415 scriptos,
689 1335 738 1417 Is,
747 1348 781 1399 ut
792 1357 952 1399 seruorum
964 1346 1074 1418 coptus
1086 1346 1130 1396 est
1140 1383 1148 1415 ,
1154 1333 1318 1418 facillime
1330 1335 1429 1399 Domo

320 1447 417 1519 atque
427 1434 892 1521 uostrofomiliaproueuditur
904 1459 916 1518 ,·
930 1432 964 1497 in
977 1433 1091 1515 quibus
1102 1431 1313 1499 Neukirchius
1328 1433 1369 1498 de
1383 1434 1430 1499 fa·

320 1533 408 1598 bulis
418 1533 536 1615 togatis
550 1554 581 1617 p.
593 1536 657 1604 252
672 1554 744 1600 oum
755 1535 834 1602 dicit
844 1554 954 1599 verum
966 1554 1037 1601 esse
1043 1537 1216 1621 facillume
1217 1535 1357 1619 familia
1368 1561 1429 1621 pro

320 1634 470 1700 cedatur
480 1685 489 1718 ,
503 1634 538 1699 id
560 1655 631 1701 sese
652 1636 841 1719 intellegere
863 1634 1020 1718 significat
1043 1635 1129 1718 quod
1148 1635 1225 1699 mihi
1247 1641 1296 1702 est
1316 1636 1430 1701 obscu-

321 1734 510 1800 tissimum.
531 1737 657 1803 interim
684 1744 802 1804 certum
833 1743 893 1803 est
909 1756 1013 1819 neque
1034 1735 1165 1802 Afranio
1187 1738 1333 1802 eeuddur
1356 1757 1430 1802 con·

321 1836 454 1916 venire,
469 1857 574 1921 neque
596 1841 772 1906 caedentur
793 1839 930 1905 Varroni
951 1857 1056 1902 rerum
1076 1837 1265 1903 rusticarum
1286 1861 1332 1916 m,
1346 1843 1374 1914 7,
1387 1843 1428 1919 9,

322 1957 429 2020 neque
450 1940 582 2006 Horatio
598 1942 769 2029 perditur.
789 1940 874 2005 hunc
895 1940 992 2022 igitur
1014 1939 1080 2004 dixi
1101 1940 1135 2004 in
1157 1958 1338 2005 sermonum
1352 1963 1386 2018 11,
1399 1946 1429 2016 6,

321 2045 365 2109 59
382 2040 548 2124 scripsisse
562 2042 664 2108 videri
675 2045 827 2129 Parcitur
842 2043 917 2107 hoec
932 2045 1013 2107 iuter
1022 2045 1135 2107 me‘sero
1152 2043 1229 2125 iuu5
1244 2041 1295 2117 cui
1310 2041 1431 2107 similli-

323 2162 411 2206 mum
432 2142 588 2224 estquod
611 2142 743 2209 Ovidius
769 2143 802 2207 in
824 2143 1030 2226 metamorph.
1047 2167 1089 2222 ιν,
1104 2138 1164 2212 199
1187 2142 1289 2209 solem
1309 2145 1431 2208 Leuco-

322 2243 414 2310 thot's
437 2263 544 2317 amore
561 2250 686 2329 captum
701 2247 795 2312 dorus
811 2247 968 2312 brumales
979 2247 1161 2330 porrexisse
1176 2243 1284 2327 fingit.
1301 2244 1359 2312 sed
1380 2265 1430 2311 re·

323 2342 451 2409 cordari
472 2343 630 2412 debebam
646 2366 664 2411 e
678 2346 817 2412 Lucretii
831 2366 926 2411 versu
948 2352 1013 2410 tam
1027 2345 1153 2410 foedam
1169 2347 1318 2412 mendam
1337 2367 1358 2410 a
1378 2366 1430 2412 me

323 2446 389 2510 iam
417 2450 491 2510 ante
519 2447 708 2532 complures.
726 2469 829 2514 annos
856 2448 1014 2513 sublatam
1037 2467 1127 2528 esse;
1147 2448 1181 2513 in
1208 2469 1271 2531 quo
1293 2447 1431 2513 dubitari

323 2566 390 2612 non
415 2552 521 2631 potest
557 2549 634 2632 quin
660 2570 681 2614 a
706 2556 801 2634 poeta
831 2549 927 2615 fuerit
957 2572 1205 2614 nrsreaerrua
1223 2575 1230 2615 :
1251 2550 1312 2615 hoc
1345 2548 1430 2615 enim

309 2668 403 2737 ,usus
424 2654 472 2713 est
490 2647 525 2712 in
536 2671 557 2733 1,
564 2655 627 2718 309
638 2673 684 2734 m,
691 2656 754 2721 539
766 2674 809 2731 1v,
816 2657 899 2720 395.
915 2650 969 2715 vix
990 2650 1123 2733 dignum
1149 2650 1251 2715 relatu
1273 2650 1372 2716 estin
1387 2673 1430 2728 vr,

322 2755 387 2819 593
400 2749 590 2833 quadratum
601 2750 722 2818 habere
732 2753 960 2839 Disperditur,
978 2759 1009 2817 ct
1021 2752 1304 2836 Guelferbytanum
1315 2751 1430 2816 librum

323 2853 454 2919 saeculo
476 2850 609 2918 decimo.
624 2852 784 2938 seriptum
796 2854 830 2917 in
853 2854 998 2919 secunda
1019 2853 1061 2917 ad
1083 2852 1264 2918 Corinthios
1295 2853 1432 2937 epistula

323 2977 380 3034 xn,
396 2958 436 3024 15
450 2956 778 3040 superiuperderpro
791 2955 1039 3042 inperatoriam
1051 2974 1127 3019 vero
1139 2955 1173 3018 in
1183 2953 1255 3038 ipsa
1265 2975 1300 3019 re
1312 2954 1352 3019 de
1368 2975 1432 3037 qua

322 3062 420 3141 poeta
441 3055 528 3137 agit,
548 3075 612 3120 non
633 3056 766 3122 multum
786 3054 936 3135 interest,
953 3056 1137 3121 distractum
1154 3069 1198 3121 est
1211 3055 1337 3136 legatur
1359 3075 1431 3120 eum

323 3156 519 3224 membranis
546 3162 577 3221 et
602 3157 690 3224 Italis
717 3164 749 3223 et
776 3157 852 3222 olim
873 3156 1039 3242 impressis
1055 3207 1065 3241 ,
1079 3156 1208 3239 scilicet
1230 3181 1368 3240 aarum,
1389 3176 1431 3221 an

324 3260 497 3350 distraetus
518 3264 638 3325 mutata
659 3261 811 3327 orationis
832 3261 954 3338 forma,
970 3265 1005 3324 ut
1019 3259 1172 3324 Marullus
1190 3264 1222 3324 et
1235 3258 1431 3337 Lambinus,

324 3360 388 3427 hoc
398 3359 494 3424 modo
507 3410 516 3439 ,
538 3362 578 3426 Ut
581 3362 626 3447 fit
640 3363 697 3427 udi
707 3364 985 3450 inpercusportis
998 3361 1190 3448 discerpitur
1200 3386 1332 3444 aurum,
1348 3363 1431 3425 Pur-

321 3486 410 3550 pura
416 3457 649 3550 poeniceusque
662 3466 746 3530 color
757 3465 947 3530 clarissimu'
962 3464 1058 3528 multo
1071 3465 1203 3529 nutatim
1216 3488 1286 3528 curu
1299 3464 1431 3529 distrae-

325 3579 376 3630 tue
398 3564 595 3650 disperditur
610 3568 728 3631 omuu.
747 3567 833 3632 idem
856 3563 941 3631 enim
963 3571 1124 3644 remanet,
1141 3584 1212 3630 cum
1234 3562 1433 3647 discerpatur

325 3685 459 3744 aurum,
481 3685 654 3749 purpuram
677 3673 709 3732 et
729 3667 869 3733 colorem
891 3667 1063 3752 puniceum
1084 3664 1226 3748 dispergi
1248 3670 1280 3729 et
1301 3682 1432 3729 evanes-

325 3786 419 3833 cere:
440 3766 520 3831 haeo
541 3772 646 3832 autem
668 3768 751 3833 inter
771 3789 845 3834 sese
866 3790 932 3834 non
953 3768 1123 3834 cohaerere
1152 3771 1184 3830 et
1204 3767 1283 3829 euri
1299 3764 1432 3828 mentio-

325 3889 400 3935 nem
413 3874 542 3953 praeter
562 3889 629 3934 rem
650 3869 719 3936 fieri
734 3870 837 3953 quivis
851 3868 1038 3949 intellegere
1060 3873 1182 3951 potest.
1198 3884 1304 3948 neque
1318 3865 1432 3932 melius

324 3971 384 4056 qui
403 3969 546 4037 lecerunt
567 3971 631 4038 duo
653 3973 815 4052 membra,
831 3976 865 4035 ut
887 3969 1062 4048 Aventius,
1084 3971 1125 4034 Ut
1135 3970 1180 4054 fit
1197 3969 1254 4034 ubi
1265 3971 1300 4033 iu
1311 3992 1433 4055 percas

321 4076 431 4162 pactis
441 4073 632 4159 discerpitur
643 4097 756 4137 aurum
765 4097 775 4137 .·
785 4073 860 4136 item
872 4074 1026 4159 Purpura
1035 4073 1266 4157 poeniceusque
1281 4072 1379 4154 color,
1390 4107 1433 4118 -

326 4177 459 4242 Fiictim
474 4200 544 4240 curn
556 4175 764 4257 distrahitur,
781 4174 977 4259 disperditur
988 4175 1108 4256 omnis,
1124 4176 1179 4235 aul
1192 4176 1227 4236 ut
1241 4172 1432 4254 Naugerius

326 4276 384 4363 qui
405 4262 579 4342 orationem
602 4275 664 4341 hoc
685 4274 780 4342 modo
803 4274 965 4353 distinxit,
981 4278 1016 4338 ut
1037 4298 1107 4338 eum
1123 4274 1293 4339 distraetus
1313 4273 1359 4339 ita
1381 4294 1432 4340 ca·

325 4379 478 4467 piendum
501 4398 573 4444 esse
594 4376 772 4460 indicaret,
793 4402 862 4442 eum
885 4377 1055 4442 distractus
1081 4390 1148 4440 est.
1169 4375 1221 4440 hic
1245 4394 1321 4439 vero
1350 4396 1433 4441 unus
1546 4374 1552 4382 ‘

325 4483 409 4548 inter
439 4501 550 4546 omnes
571 4478 790 4546 Wakefieldus
818 4483 903 4545 recte
931 4475 1061 4558 negavit
1088 4476 1129 4541 de
1152 4476 1259 4542 colore
1281 4475 1351 4540 auri
1372 4476 1433 4542 hoc

325 4595 437 4652 verum
460 4602 552 4662 esse,
575 4581 662 4666 quod
683 4582 826 4661 dicatur,
847 4601 918 4646 cum
942 4579 1139 4664 discerpatur
1160 4597 1292 4656 aurum,
1308 4601 1432 4643 eroum

324 4712 397 4763 aare
402 4687 563 4783 paulatim
577 4688 777 4777 sticputque.
791 4683 844 4750 hic
857 4683 956 4767 igitur
966 4678 1168 4750 scribendum
1180 4677 1369 4746 existimavit
1379 4679 1437 4746 ubi
