3509 5442
318 571 382 646 218
713 627 714 630 ,
857 572 886 637 V

322 743 464 808 ordinem
486 763 634 810 versuum
655 739 874 806 invertendum
897 758 969 804 esse
988 735 1142 801 Marullus
1162 733 1264 811 vidit,
1280 734 1422 818 idemque

324 844 441 928 optime
468 845 595 928 scripsit
619 845 778 924 Thracen,
801 841 863 906 nisi
897 838 983 922 quod
1011 837 1127 904 rectius
1155 841 1204 902 est
1226 839 1419 901 Tnancxn.

324 945 481 1027 Forbiger
496 948 664 1010 Thraciam
679 942 754 1007 vitio
770 941 910 1025 duplici,
927 940 1003 1023 quia
1016 960 1077 1004 nec
1091 939 1248 1022 synizesis
1261 937 1296 1002 in
1307 939 1418 1004 Graeco

325 1046 452 1110 nomine
473 1045 605 1112 seranda
633 1050 700 1122 est,
722 1049 757 1107 ut
778 1042 945 1109 observavi
970 1040 1012 1106 ad
1033 1040 1147 1106 librum
1162 1062 1210 1120 111,
1223 1044 1308 1120 917,
1329 1059 1417 1123 neque

329 1149 497 1213 Thraciam
515 1148 598 1213 ullus
619 1151 715 1231 po'e'ta
737 1144 816 1208 dixit
837 1150 966 1229 praeter
987 1145 1172 1220 Lucanum,
1193 1140 1249 1223 qui
1271 1142 1417 1224 quomodo
1466 1136 1471 1145 '

326 1248 388 1312 hoc
409 1249 442 1312 in
457 1273 491 1329 11,
509 1252 569 1318 162
592 1248 710 1314 audere
732 1247 869 1330 potuerit
891 1266 956 1310 non
976 1245 1149 1328 intellego,
1165 1243 1229 1308 nisi
1250 1243 1417 1324 quodcum
1446 1312 1448 1319 y

327 1368 400 1414 eum
422 1350 582 1432 Vergilius
603 1349 677 1415 fecit
691 1349 944 1415 Samothraciam
959 1347 1120 1413 Aeneidos
1136 1368 1190 1429 vn,
1203 1349 1268 1414 208
1281 1391 1290 1407 .
1305 1365 1376 1408 uam
1392 1344 1419 1407 in

329 1450 435 1515 Ovidii
463 1455 722 1529 metam.v1,435
746 1448 942 1533 exemplaria
968 1455 1085 1514 vetera·
1104 1447 1183 1513 tanti
1208 1466 1275 1511 non
1296 1444 1375 1510 facio
1393 1450 1420 1508 nl
1465 1436 1470 1494 i'

330 1569 401 1615 eum
427 1554 564 1618 Thracia
586 1551 736 1617 maluisse
759 1550 887 1616 credam
911 1569 1006 1631 quam
1023 1553 1164 1615 Thrace.
1180 1547 1370 1614 Ciceronem
1389 1547 1421 1612 de
1467 1590 1470 1595 ‹

331 1651 516 1735 republica
546 1657 702 1720 Thracam
728 1651 867 1730 dixisse,
888 1673 953 1716 non
978 1654 1167 1734 Thraciam,
1187 1649 1320 1715 Servius
1343 1649 1423 1715 refert

329 1752 373 1815 ad
398 1754 561 1820 Aeneidos
576 1760 727 1834 x11‚335:
748 1752 846 1817 nihilo
875 1753 979 1818 minus
1009 1754 1044 1817 in
1071 1752 1226 1819 Vaticano
1260 1751 1425 1834 exemplari

329 1853 434 1920 Maius
455 1855 536 1921 libro
551 1881 585 1941 11,
601 1862 623 1925 4
650 1855 800 1938 scriptum
830 1854 952 1920 invenit
975 1857 1165 1920 Thraciam.
1181 1853 1240 1919 sed
1260 1854 1427 1936 Marullus,

332 1956 382 2020 cui
404 1957 589 2045 Stymphala
612 1958 743 2023 calama
773 1953 901 2037 quinam
923 1955 1102 2021 dicerentur
1128 1975 1194 2020 non
1219 1960 1287 2020 tam
1318 1954 1428 2021 clarum

330 2056 492 2123 videretur
514 2079 609 2142 quam
637 2056 834 2123 Wakefieldo
857 2063 889 2122 et
913 2057 1107 2140 Forbigero,
1123 2056 1200 2123 lecit
1221 2054 1302 2122 satis
1321 2055 1428 2120 audac

331 2163 380 2225 ter
404 2162 434 2223 T
430 2174 576 2246 amtopcrc
603 2162 754 2246 officerent
780 2162 868 2225 mobis
879 2207 888 2241 ,
911 2161 1059 2245 accisque
1085 2158 1240 2225 timcndae
1274 2158 1429 2244 Uopmbuc

332 2260 495 2326 Arcadiae
516 2261 656 2326 volucres
679 2261 866 2347 Stymphala
887 2262 1038 2325 colantes.
1058 2257 1154 2338 mihi,
1175 2257 1329 2342 quoniam
1350 2261 1429 2324 mlh
1468 2340 1470 2345 Ι

334 2361 411 2425 satis
433 2366 519 2426 recte
541 2360 655 2425 abesse
677 2365 802 2443 potest,
819 2360 1057 2444 simplicissimo
1079 2358 1222 2426 remedio
1243 2358 1291 2424 uti
1312 2361 1428 2445 placet,

333 2467 368 2525 ut
390 2461 545 2528 scribatur
569 2465 668 2529 Tanto
692 2487 783 2548 opere
805 2465 975 2548 ffceremt,
997 2486 1042 2526 nr
1064 2484 1156 2526 Avus
1182 2462 1370 2549 Stymphala
1388 2487 1429 2527 co

336 2564 430 2630 lactea
450 2612 458 2628 .
477 2563 559 2629 infra
577 2570 641 2633 560
673 2564 831 2646 oblongus
866 2565 944 2641 Qum
968 2569 1053 2650 potia
1088 2578 1132 2629 eat
1159 2565 1247 2629 nobis
1276 2565 1346 2628 rabi
1370 2566 1429 2641 oia,

336 2665 391 2729 ubi
418 2671 576 2730 corrector
603 2665 722 2732 delevit
750 2668 861 2731 achis.
885 2663 967 2730 adde
996 2664 1083 2748 quod
1108 2664 1189 2729 inter
1216 2684 1251 2730 se
1279 2663 1430 2730 simillima

336 2774 409 2832 sunt
430 2788 540 2831 uranus
564 2773 596 2832 et
616 2790 729 2831 uonrs.
1295 2806 1297 2809 -

420 2873 472 2936 33.
495 2889 664 2931 nonanus
686 2891 802 2933 runus
816 2917 822 2931 .
838 2870 992 2934 Aonaaa
1015 2883 1104 2935 sacrm
1126 2869 1288 2952 Vergilius
1303 2869 1430 2951 Aean,

263 2995 267 3002 ·
313 2984 315 2989 ’
337 2975 419 3053 794,
434 2969 614 3035 Macrobius
636 2970 760 3035 Salurn.
777 2992 818 3048 vr,
834 2975 870 3036 1.

422 3077 473 3140 34.
496 3073 659 3137 Anaonrs
681 3094 875 3136 aurnuxus
899 3095 1068 3137 amarus.
1084 3073 1239 3139 Marullus
1261 3095 1431 3138 srmrnn.

423 3178 474 3242 35.
496 3176 671 3264 Pnorrnn
692 3195 882 3239 sarnanum
908 3197 1014 3239 xmus
1042 3197 1253 3247 rnanaroua
1277 3197 1431 3240 savam.

337 3276 505 3340 Turnebus
536 3276 787 3359 Arunnrauu,
814 3276 989 3341 Lambinus
1021 3300 1268 3357 Psinemoun,
1296 3299 1433 3343 souoaa

337 3377 512 3441 MaruMus.
1007 3365 1015 3377 ’
1469 3366 1470 3397 ¹

424 3483 474 3547 38.
498 3478 569 3542 Suo
600 3500 672 3541 nor
695 3500 829 3542 umora
851 3503 1013 3544 roaarrr.
1036 3480 1108 3544 Itali
1130 3481 1168 3545 Sl
1194 3506 1256 3548 coa
1281 3505 1410 3546 vrcrn.

423 3584 474 3648 43.
499 3601 570 3651 oua
592 3602 753 3644 reorum
780 3604 889 3645 roars
911 3584 1042 3654 Areua
1066 3605 1250 3647 rnarcuan
1279 3606 1372 3649 surr
1390 3606 1435 3647 rr·

339 3705 471 3747 sanns
494 3704 770 3747 rusmuauouu.
791 3685 883 3749 Hanc
910 3686 1061 3769 syntaxim
1083 3685 1258 3751 Lambinus
1285 3692 1370 3753 recta
1394 3705 1435 3752 re·

337 3785 499 3871 pudiavit,
522 3786 576 3868 qui
596 3783 723 3867 scripsit
738 3788 887 3872 parmula
914 3802 1005 3853 tuac.
1029 3787 1086 3852 sed
1112 3788 1244 3853 verbum
1272 3789 1436 3856 substanti·

337 3908 412 3952 vum
426 3887 572 3953 omittere
583 3906 648 3950 non
662 3894 711 3952 est
721 3907 799 3952 usus
810 3888 1010 3953 Lucretiani:
1027 3909 1104 3971 ergo
1117 3889 1295 3956 scribemus
1306 3913 1436 3968 rausa,

340 3993 374 4052 ut
396 3987 461 4052 dixi
483 3989 525 4053 ad
546 3987 661 4052 librum
677 4011 697 4065 1,
712 3994 792 4055 111.

423 4095 474 4159 45.
499 4111 728 4154 currnnruas
750 4112 890 4156 nonas.
912 4092 985 4157 Itali
1007 4093 1188 4178 cupidiora,
1214 4094 1371 4161 Marullus
1392 4122 1436 4161 cu·

331 4190 483 4276 pedraca,
499 4189 673 4255 Lambinus
688 4215 910 4258 corruamus
924 4243 930 4258 .
947 4195 980 4259 in
995 4217 1038 4273 1v‚
1053 4199 1135 4265 1090
1155 4195 1318 4276 oblongus
1334 4222 1436 4284 cappe·

339 4291 433 4356 dico:
449 4291 508 4355 sed
529 4292 732 4359 Florentinus
747 4296 899 4362 Varronis
921 4296 961 4361 de
983 4296 1094 4378 lingua
1107 4295 1222 4361 Latina
1238 4320 1258 4360 v
1274 4319 1307 4382 p.
1323 4304 1382 4368 148
1387 4299 1436 4382 fo-

338 4418 409 4458 rum
437 4395 643 4480 cuppedinis,
665 4421 781 4483 cappae
808 4413 836 4463 et
863 4400 1020 4486 cuppedia
1046 4398 1174 4465 codices
1195 4399 1289 4464 Pauli
1320 4397 1436 4467 diaconi

338 4514 369 4578 p.
387 4499 448 4577 37,
472 4494 610 4559 Plautini
638 4496 673 4560 in
702 4496 808 4563 Sticho
828 4523 858 4580 v,
870 4506 901 4578 4,
914 4506 956 4570 32
987 4507 1019 4565 et
1045 4501 1079 4565 in
1106 4499 1294 4567 Trinummo
1314 4526 1349 4582 11,
1364 4506 1436 4586 1,13

328 4596 495 4683 ,cuppedia
517 4602 547 4660 et
562 4623 677 4686 cappas
687 4649 696 4683 ,
712 4600 902 4682 glossarium
924 4609 1014 4669 vatus
1034 4604 1069 4668 in
1082 4603 1158 4668 Maii
1172 4609 1339 4670 auctorum
1360 4610 1435 4671 tono

340 4717 375 4760 Vl
387 4718 417 4782 p·
430 4702 494 4768 530
515 4700 792 4789 happadc'aariaa.
