3509 5442
870 417 901 483 V
1373 423 1439 492 tet

324 585 477 667 coerula,
493 585 632 651 5555155
647 585 781 668 (loquitu
794 598 936 651 terrerum
948 635 955 664 ,
969 600 1146 672 poatoaque
1161 588 1282 652 intrare
1292 606 1433 677 teperet,

326 684 383 748 Ad
396 689 537 772 puppim
559 710 670 750 aeetae
692 687 815 751 eithara
837 687 976 752 eliciente
991 690 1120 752 carinae
1135 688 1316 754 Adductum
1337 705 1434 758 contu

326 788 411 850 veuit
432 811 520 851 mare
534 836 542 852 .
558 786 613 850 ubi
634 786 667 850 in
689 785 779 850 libris
801 793 849 851 est
864 803 1023 874 pontoque
1047 792 1167 853 intrare
1189 804 1358 877 aeporeat.
1530 784 1536 790 ⁸

410 892 485 957 509.
508 888 677 953 Morrnns
710 909 924 953 asraoaun.
948 889 1038 966 Quae
1072 891 1155 954 huno
1187 910 1314 956 versum
1340 911 1432 976 prae-

327 991 462 1070 cedunt,
479 989 517 1054 iis
541 990 690 1055 continuo
713 988 933 1054 subiciendum
955 995 1004 1055 est
1028 993 1189 1078 Terraque
1211 1008 1246 1058 ut
1271 996 1305 1058 ia
1326 995 1432 1060 medt’u

327 1098 358 1156 et
380 1097 490 1157 oetera
504 1096 588 1169 534,
607 1110 712 1174 neque
735 1089 814 1155 haec
836 1089 876 1154 de
899 1090 1036 1156 motibus
1057 1098 1212 1157 astrorum
1234 1100 1329 1176 poeta
1349 1095 1433 1160 infra

326 1213 421 1258 versu
438 1198 500 1260 774
522 1198 554 1259 et
567 1193 720 1277 proximis
739 1198 982 1256 commemorat.
997 1193 1105 1274 itaque
1127 1201 1259 1278 apparet
1280 1196 1332 1261 hio
1353 1217 1432 1279 quo·

326 1314 388 1377 que
411 1294 444 1358 in
469 1294 596 1360 sohedis
618 1295 766 1360 carminis
785 1293 993 1377 disponendis
1014 1315 1034 1358 a
1055 1295 1156 1377 primo
1179 1296 1319 1374 editore,
1336 1317 1430 1379 quern

325 1396 362 1473 Q.
393 1396 582 1462 Oieeronem
610 1395 709 1462 tuisse
737 1393 949 1481 supradixi,
976 1403 1140 1481 peecatum
1169 1418 1259 1464 esse.
1286 1404 1432 1483 poterant

324 1502 432 1562 autem
454 1496 533 1563 haee
553 1498 651 1581 paulo
670 1498 775 1581 aptius
797 1502 869 1580 post
891 1518 1016 1563 versum
1031 1504 1094 1567 563
1116 1500 1286 1565 oolloouri.

409 1603 484 1668 513.
506 1600 595 1663 Inna
622 1622 738 1665 111511
766 1622 884 1664 sueno
906 1622 1048 1665 rnunan
1076 1622 1199 1671 11555
1221 1624 1429 1666 rurnunaue

321 1723 468 1766 nonen.
483 1700 545 1768 Hio
567 1708 621 1767 aer
643 1728 704 1788 qao
727 1702 868 1767 intendat
890 1721 993 1783 neque
1013 1702 1230 1785 superioribus
1252 1704 1429 1768 continetur
1549 1752 1551 1755 ψ

322 1822 429 1886 neque
450 1803 492 1868 iis
514 1823 597 1886 quae
620 1809 786 1868 seeuntur.
802 1823 876 1867 nam
898 1824 994 1869 versu
1015 1803 1158 1887 proximo
1182 1806 1358 1870 oavendum
1381 1813 1430 1872 est

321 1924 360 1969 ne
375 1903 460 1969 illud
472 1907 538 1985 Quo
553 1905 726 1972 reseramus
741 1903 783 1968 ad
798 1905 923 1989 eodem,
940 1908 1007 1985 Quo
1019 1905 1171 1971 volvenda
1181 1908 1298 1971 micaret
1309 1910 1433 1974 aeterra

321 2007 432 2071 sidero
444 2008 560 2074 muudi
568 2032 578 2072 :
592 2027 697 2090 neque
719 2006 802 2071 enim
818 2005 925 2071 sidera
947 2032 1008 2092 qoo
1031 2013 1062 2071 et
1076 2006 1108 2071 in
1125 2026 1218 2088 quem
1234 2008 1339 2074 looum
1361 2010 1428 2074 vol-

321 2113 439 2173 vantur
460 2108 566 2175 dicere
588 2107 782 2193 poterimus,
799 2114 831 2172 et
852 2128 890 2173 eo
913 2129 1008 2175 versu
1030 2108 1177 2173 absoluta
1198 2116 1305 2174 aerum
1329 2131 1428 2196 expo·

320 2211 437 2276 sitione
459 2229 540 2294 opus
567 2215 615 2276 est
636 2209 679 2275 ad
701 2208 900 2275 efficiendum
929 2211 963 2275 id
992 2212 1079 2294 quod
1104 2211 1286 2293 quaeritur,
1307 2213 1429 2280 scilieet

321 2337 353 2377 eo
381 2310 452 2376 fieri
481 2317 516 2375 ut
542 2311 648 2377 sidera
669 2311 854 2376 volvantur.
876 2312 937 2377 hoo
965 2318 1070 2377 autem
1097 2331 1191 2377 versu
1206 2319 1270 2382 514
1296 2315 1330 2379 in
1355 2315 1426 2381 looo

320 2433 378 2477 suo
406 2413 568 2496 reposito,
590 2412 651 2478 hoe
676 2417 725 2478 est
753 2418 825 2494 post
839 2419 923 2491 516,
950 2419 1083 2496 apparet
1108 2414 1196 2478 illum
1228 2418 1426 2499 superiorem

320 2521 429 2579 utrem
444 2515 602 2581 intendere
616 2536 788 2580 onoasuu
804 2520 835 2582 et
850 2516 1019 2598 sphaeram
1035 2514 1122 2578 illam
1138 2515 1217 2579 oaeli
1232 2516 1426 2601 deprimere:

319 2616 402 2681 alter
425 2616 532 2695 enim,
553 2616 608 2700 qui
630 2616 738 2682 subter
764 2622 831 2702 est,
854 2616 990 2683 eundem
1018 2616 1099 2681 oaeli
1124 2616 1233 2682 orbem
1260 2623 1426 2687 subvehere

320 2719 408 2784 etin
429 2719 528 2784 altum
540 2719 661 2795 ¹tollere
682 2719 815 2784 dieitur.

332 2900 353 2915 ο
406 2825 481 2890 515.
504 2822 583 2886 Aur
610 2843 726 2886 111511
754 2843 913 2898 suarna,
942 2841 1084 2884 conrad
1111 2843 1194 2893 Quis
1228 2844 1424 2887 sunvnuar

320 2945 463 2988 51151111.
479 2922 624 2989 Andreas
638 2922 821 3005 Naugerius
836 2925 897 2989 Ast
912 2924 1011 2987 aliurn
1026 2928 1058 2986 et
1078 2926 1137 3009 qui
1148 2925 1314 3007 subvehat,
1331 2943 1424 3006 quem

318 3026 416 3092 oeteri
430 3031 598 3091 secuntur.
615 3023 793 3091 debuerunt
808 3023 925 3108 ingrati
940 3024 1083 3089 homines
1097 3029 1258 3089 auotorem
1272 3025 1425 3107 optimum

318 3127 453 3192 laudare
474 3126 633 3210 primum,
653 3125 769 3191 deinde
791 3127 832 3192 ab
861 3146 900 3191 eo
922 3126 1069 3210 eooipere
1091 3126 1252 3198 on12sed
1280 3141 1329 3192 aot
1350 3146 1425 3192 oon·

317 3227 480 3293 iunctione
500 3226 683 3293 Lueretium
710 3247 803 3292 usum
828 3249 893 3293 non
920 3248 991 3294 esse
1021 3228 1070 3293 his
1094 3229 1186 3293 annis
1207 3229 1356 3294 treoentis
1376 3230 1425 3295 in·

318 3329 428 3413 tellegi
449 3328 571 3414 potuit.
589 3346 694 3409 nequo
714 3348 761 3395 ea
782 3329 961 3395 ooniunotio
986 3329 1060 3394 huie
1086 3330 1158 3395 looo
1185 3332 1425 3398 aeoommodatu

318 3440 385 3512 est,
401 3431 461 3499 sed
483 3453 554 3498 oum
575 3431 786 3514 praecesserit
800 3433 854 3497 Eoo
869 3445 1003 3517 utraque
1015 3435 1108 3518 parti
1119 3437 1150 3496 et
1164 3433 1245 3499 Iade
1259 3436 1359 3499 alium
1374 3460 1424 3500 ea·

310 3561 379 3623 pro
383 3536 490 3622 fluere
499 3583 508 3617 ,
524 3533 705 3600 neeessario
729 3533 820 3615 sequi
839 3532 934 3598 debet
949 3534 1041 3596 Hmo
1057 3539 1113 3597 aut
1127 3537 1212 3598 oerte
1227 3535 1308 3600 Iade
1322 3537 1423 3599 alium

316 3651 446 3724 supter.
466 3636 500 3700 in
521 3634 582 3700 hoo
604 3654 723 3717 genere
746 3633 833 3698 nulla
854 3635 1029 3701 litterarum
1051 3631 1265 3699 similitudinis
1288 3639 1319 3700 et
1340 3640 1423 3700 oete-

317 3760 424 3804 rorum
440 3737 663 3815 artificiorum,
679 3737 712 3800 in
734 3736 850 3819 quibus
871 3735 933 3800 sibi
954 3735 1098 3818 plerique
1112 3734 1260 3817 placent,
1276 3734 1424 3800 habenda

308 3837 399 3906 'ratio
427 3846 495 3919 est,
517 3859 621 3923 neque
646 3840 750 3905 dioam
772 3861 834 3902 aar
857 3859 898 3903 ex
919 3861 992 3915 mo,
1017 3837 1103 3919 quod
1132 3834 1307 3919 quadratus
1327 3837 1423 3903 habet

316 3963 415 4028 supra
435 3962 531 4008 versu
545 3947 628 4026 285,
645 3940 768 4006 faoilius
790 3960 887 4023 quam
909 3959 949 4004 ex
970 3962 1044 4002 uino
1067 3938 1141 4003 oriri
1162 3938 1326 4022 potuisse.

402 4049 477 4114 516.
521 4043 574 4109 Ur
603 4063 759 4108 rnuvrus
789 4063 963 4106 vnnsaan
986 4063 1125 4105 noras.
1156 4039 1251 4124 Apud
1282 4040 1422 4107 Nonium

315 4152 448 4231 p.13,8
469 4153 556 4213 reete
585 4149 624 4213 Ut
645 4165 823 4222 inpuros,
844 4143 932 4226 apud
953 4143 1109 4209 Isidorum
1131 4141 1289 4225 originum
1310 4166 1364 4223 xx,
1382 4148 1422 4212 15

316 4253 357 4315 Ia
368 4250 493 4336 flavio.
510 4249 567 4314 sed
588 4249 622 4314 in
637 4247 750 4314 eodem
771 4266 867 4312 versu
889 4244 986 4310 iidem
1009 4266 1080 4312 oum
1096 4243 1291 4311 membranis
1305 4244 1421 4311 nostris

315 4365 429 4417 ouotra
438 4400 447 4434 ‚
465 4370 530 4416 non
544 4353 695 4416 tooetro.
713 4363 823 4415 uastae
843 4348 927 4414 infra
947 4347 982 4412 in
1003 4349 1064 4415 hoo
1077 4348 1159 4415 libro
1177 4353 1259 4419 1069
1282 4347 1421 4429 quadra·

315 4458 367 4518 tus
379 4502 387 4532 ,
403 4454 513 4518 aurire
534 4451 569 4516 in
583 4457 659 4531 1v‚3
675 4451 853 4535 oblongus,
868 4448 954 4517 idem
974 4453 1098 4518 emuuoit
1111 4449 1145 4514 in
1159 4471 1202 4534 vr,
1216 4453 1318 4532 1140,
1334 4448 1421 4512 aurit

316 4552 493 4639 quadratus
514 4551 549 4619 in
564 4573 606 4633 vi,
622 4555 701 4620 141.
