3509 5442
411 566 452 630 68
954 560 969 623 Ι

412 736 519 808 cavet,
541 750 622 812 quae
646 750 779 813 corpora
805 729 894 793 inani
926 737 957 794 et
981 730 1077 796 inane
1101 733 1287 815 corporibus
1309 733 1520 811 determinat,

419 835 458 897 Ut
473 836 519 897 eie
535 834 666 897 alternis
682 834 807 918 infinita
823 834 929 895 omnnia
944 832 1058 896 reddat
1071 837 1090 897 .'
1104 833 1154 898 his
1166 836 1319 901 subicitur
1333 842 1518 921 autetiam,

413 935 499 1015 quod
520 933 703 1011 Madvious‚
722 933 750 996 si
779 933 847 997 eius
869 939 1009 997 mentem
1031 941 1116 998 recte
1139 936 1252 1019 capio,
1274 938 1441 1024 (videntur
1462 959 1520 1003 au-

410 1042 473 1100 tem
497 1037 526 1100 ei
547 1041 620 1119 post
638 1034 869 1100 inmoderatum
887 1034 1009 1115 aliquot
1030 1055 1141 1102 versus
1161 1039 1294 1122 periise)
1316 1040 1520 1124 illis-superi·

411 1139 520 1203 oribus
552 1124 714 1217 subiungit
742 1135 802 1199 hac
832 1135 898 1200 fere
932 1137 1078 1201 ratione.
1100 1140 1225 1203 ‘natura
1256 1141 1402 1224 prohibet
1433 1144 1519 1207 omni

411 1240 510 1319 fines,
532 1239 618 1322 quod
645 1239 768 1302 alterna
794 1237 935 1303 finitione
961 1239 1116 1303 infinitum
1143 1241 1272 1307 reddit:
1296 1249 1351 1308 aut
1371 1294 1378 1321 ‚
1401 1245 1430 1308 si
1456 1245 1518 1309 hoc

410 1364 475 1407 non
496 1342 568 1419 fiat,
590 1346 694 1404 tamen
723 1339 818 1403 etiam
845 1341 1050 1420 alterutrum,
1072 1343 1139 1407 sive
1167 1363 1283 1428 corpus
1310 1345 1378 1410 sive
1400 1346 1516 1424 inane,

410 1445 510 1508 altero
533 1465 597 1508 non
618 1441 804 1506 terminante
819 1442 976 1507 infinitum
998 1450 1123 1527 pateat3
1141 1445 1243 1532 [quod
1265 1453 1313 1511 est
1327 1447 1517 1512 absurdum:

411 1567 483 1611 nam
512 1566 616 1627 neque
643 1564 777 1626 corpora
803 1544 925 1608 infinita
953 1546 1089 1628 spatium
1117 1547 1307 1634 haberent‚]
1335 1551 1401 1614 Nec
1429 1575 1518 1614 mare

412 1675 466 1714 nec
482 1651 573 1714 telins
589 1654 619 1712 et
635 1653 758 1723 cetera,
774 1644 863 1710 finita
877 1645 998 1710 scilieet
1011 1647 1045 1710 in
1057 1647 1198 1728 infinite,
1214 1652 1378 1737 Eaeiqcum
1386 1666 1518 1736 possent

411 1754 506 1816 horai
524 1754 633 1816 cistere
649 1763 768 1834 tempus
780 1748 801 1811 .'
816 1747 874 1812 sed
896 1746 977 1812 hacc
999 1754 1054 1812 aut
1068 1748 1161 1813 fallor
1183 1757 1238 1814 aut
1259 1771 1324 1815 non
1337 1757 1421 1816 recte
1444 1773 1517 1835 pro-

411 1852 545 1917 cedunt.
567 1873 640 1916 narn
674 1850 702 1915 si
728 1849 895 1914 Lucretius
925 1849 977 1913 hic
1004 1850 1214 1917 disiunctione
1247 1872 1327 1917 usus
1354 1859 1426 1929 est,
1447 1854 1517 1918 eius

409 1955 471 2018 tria
497 1953 639 2018 membre
667 1958 777 2034 erant,
799 1953 865 2014 ‘aut
887 1955 1054 2033 utrumque
1076 1952 1251 2032 infinitum,
1273 1959 1328 2018 aut
1349 1960 1516 2030 neutrum,

410 2062 464 2121 aut
485 2056 668 2119 alterutrum
682 2058 701 2116 .'
722 2054 830 2136 itaque
852 2053 963 2115 horum
986 2054 1083 2119 medii
1109 2076 1179 2119 curn
1203 2056 1292 2120 nulla
1313 2056 1432 2121 mentio
1455 2058 1515 2135 sit,

408 2157 533 2223 videtur
558 2156 635 2220 mihi
657 2155 761 2238 potius
787 2151 972 2238 hypothesis
998 2174 1068 2219 esse
1094 2156 1127 2220 in
1152 2155 1222 2236 his,
1244 2159 1431 2223 alterutrum
1451 2163 1520 2225 nisi

410 2262 551 2324 terminet
571 2259 724 2339 alterum,
739 2255 800 2319 hoc
819 2254 936 2318 modo.
959 2257 1085 2338 ‘corpus
1104 2257 1193 2322 inani
1215 2265 1246 2323 et
1267 2259 1361 2324 inane
1382 2280 1516 2344 corpore

359 2348 363 2357 ¹
409 2361 530 2425 finitum
548 2358 733 2422 infinitatem
751 2356 866 2420 efficit:
884 2371 958 2439 act,
976 2358 1003 2421 si
1020 2364 1133 2423 natura
1144 2359 1204 2424 hec
1219 2360 1291 2442 lege
1308 2362 1354 2426 uti
1369 2363 1515 2443 desinet,

410 2465 504 2528 etiam
520 2462 705 2525 alterutrum
721 2484 845 2541 eorum,
862 2462 930 2523 orsi
942 2461 1074 2526 altorum
1090 2465 1232 2526 terminet
1244 2466 1264 2540 ‚’
1279 2502 1322 2509 —
1337 2464 1415 2545 quid
1429 2465 1516 2530 iam?

409 2584 483 2628 nam
509 2582 592 2626 nuno
614 2567 766 2646 apparet,
783 2562 916 2644 opinor,
939 2583 1003 2625 non
1026 2562 1102 2627 alibi
1125 2583 1220 2644 quarn
1242 2571 1435 2646 postcomm
1457 2568 1515 2631 ali-

409 2665 486 2747 quid
501 2663 676 2728 excidisse:
697 2684 868 2747 pergamus
891 2683 968 2745 ergo
990 2664 1055 2742 sic,
1078 2664 1185 2728 ‘etiam
1207 2665 1391 2732 alterutrum
1411 2668 1515 2733 intini-

408 2772 474 2830 tum
490 2772 615 2844 [motum
631 2782 724 2852 atquc
735 2769 915 2830 uniuersam
929 2781 1080 2830 naturam
1096 2768 1279 2845 everteret].’
1293 2769 1327 2833 id
1338 2789 1402 2850 qua
1417 2791 1516 2836 eausa

409 2875 594 2934 eventurum
618 2885 688 2931 esse
712 2866 912 2931 statuendum
936 2868 995 2945 sit,
1011 2867 1139 2950 Epicuri
1161 2870 1268 2934 verbis
1290 2869 1415 2949 dicam,
1432 2891 1516 2954 quae

408 2969 471 3035 huc
496 2969 654 3052 pertinere
682 2968 870 3050 interpretes
897 2975 982 3033 recte
1013 2969 1184 3047 viderunt,
1207 2990 1288 3050 quae
1322 2979 1395 3036 sunt
1428 2974 1516 3057 apud

409 3073 568 3137 Laertium
583 3069 760 3151 Diogenem
776 3093 807 3147 x,
819 3075 881 3136 42.
904 3066 972 3136 εἴτε
987 3069 1049 3155 γὰρ
1066 3063 1104 3157 ἦν
1125 3070 1164 3136 τὸ
1180 3072 1274 3137 κενὸν
1290 3065 1454 3160 ἄπειρον,
1470 3076 1514 3142 τὰ

409 3175 446 3244 δὲ
455 3165 776 3256 σώματαὼρισμένα,
790 3163 941 3252 οὐδαμοῦ
951 3166 990 3236 dv
1002 3167 1096 3253 ἔμενε
1107 3169 1302 3256 τὰσώματα,
1316 3172 1386 3242 ἀλλ’
1396 3173 1515 3266 ἐφέρε-

407 3303 445 3343 το
458 3273 591 3342 κατὰτὸ
604 3267 743 3359 ἄπειρον
755 3271 848 3338 κενὸν
861 3273 1109 3359 διεσπαρμένα,
1127 3269 1187 3342 οὐκ
1199 3273 1313 3358 ἔχοντα
1324 3278 1366 3344 ui
1377 3275 1515 3367 ὑπερεί-

409 3383 509 3446 δοντα
520 3373 853 3442 καὶστέλλαντακατὰ
864 3374 924 3452 τὰς
934 3371 1127 3456 ἀντικοπάς
1138 3374 1353 3447 ettenorum
1363 3373 1514 3468 ἦνῶρισ-

407 3483 522 3567 μένον,
536 3474 594 3544 οὐκ
608 3472 647 3544 dv
660 3470 725 3559 εἶχε
736 3476 777 3543 τὰ
791 3470 917 3562 ἄπειρα
929 3475 1067 3562 σώματα
1081 3479 1168 3547 ὅπου
1180 3480 1293 3568 ἐνέστη
1305 3531 1312 3545 .
1326 3483 1383 3547 sed
1393 3485 1514 3550 Lucre-

407 3584 469 3648 tius
482 3634 489 3661 ,
504 3580 589 3664 quod
600 3581 779 3645 Madvicum
791 3600 856 3644 non
867 3578 1018 3647 tesellisse
1030 3589 1174 3666 apparet,
1187 3584 1299 3648 horum
1310 3585 1454 3650 ordinem
1465 3587 1514 3651 in-

407 3685 508 3765 vertit,
519 3681 690 3748 hocm0d0.
702 3683 800 3760 inam
809 3685 1127 3769 siinwneflndcwci,
1140 3688 1322 3772 corporibus
1328 3689 1461 3775 definitis
1468 3693 1513 3756 lo·

407 3786 730 3872 ccmnonpraeberct:
742 3787 1283 3872 actsicorporonum-erofinitasint,
1291 3791 1387 3853 inane
1395 3798 1513 3868 autem]

406 3889 1514 3974 Simplc'cenaturcpateattameoinmoderctcmNecmarenectotiusne

407 4016 467 4075 qne
477 3992 561 4056 caeli
570 3988 677 4054 lucido
686 3978 1362 4077 templcss-Eociyuumpossenthorac'm'otere
1372 4000 1512 4080 ternpus!

495 4095 586 4159 1017.
609 4111 655 4151 nn
679 4102 826 4152 concon
847 4111 1032 4154 nonnum.
1050 4091 1216 4157 corrector
1239 4092 1386 4173 quadrati
1407 4101 1440 4158 et
1460 4115 1512 4161 ce·

406 4191 465 4256 teri
488 4193 526 4256 de
549 4213 667 4255 consu
689 4212 894 4254 uernum.

494 4298 585 4362 1019.
608 4315 796 4356 concnnrn
826 4315 1011 4356 onnnssnn
1034 4342 1040 4356 .
1065 4295 1286 4377 Antiquissimi
1314 4302 1512 4362 correctores

406 4393 571 4476 utriusque
593 4394 786 4478 exemplaris
808 4417 1012 4459 cunnssnn.

493 4500 584 4564 1023.
607 4498 685 4561 Nnc
703 4517 796 4567 coos
812 4518 989 4568 ounncun
1005 4521 1139 4561 sncncr
1153 4521 1275 4561 nnnnn
1290 4520 1508 4564 uocnnuun.

404 4597 557 4662 Marullus
581 4617 620 4661 ex
643 4620 671 4676 u,
687 4602 750 4666 423
772 4599 837 4663 Nec
860 4623 938 4683 quos
960 4624 1103 4685 quaeque
1129 4623 1276 4664 eunoun
1304 4602 1425 4664 nodus
1448 4625 1510 4664 pn·

405 4721 538 4765 pronun
560 4721 774 4763 rnorncno.
