3509 5442
863 607 1017 650 Rscsnslo

475 758 564 822 Haec
579 755 688 821 omnia
702 755 746 820 ita
760 763 795 821 ut
809 757 874 821 dixi
890 757 988 823 fuisse
999 755 1164 837 intelleget
1181 762 1370 847 quicumque
1386 769 1498 836 herum

391 859 689 923 commentariorum
712 859 852 941 aliquam
874 866 996 943 partem
1018 860 1275 940 pertractaverit.
1292 887 1425 943 quarum
1449 895 1497 938 re.

389 980 459 1024 rum
482 961 621 1024 maxima
648 981 723 1043 pars
753 980 771 1024 e
794 959 894 1041 copiis
920 961 961 1024 ab
983 961 1202 1042 Havercampo
1229 968 1260 1025 et
1288 970 1397 1037 ceteris
1426 997 1496 1040 eum

390 1082 513 1126 summa
528 1061 636 1126 iudicii
647 1061 862 1126 imbecillitate
875 1062 998 1127 collatis
1014 1083 1084 1126 cum
1100 1062 1176 1126 mihi
1192 1083 1247 1127 sex
1263 1065 1328 1128 1010
1344 1077 1495 1141 mensium

390 1184 450 1228 usu
475 1165 685 1241 constitisset,
702 1169 808 1227 cetera
831 1166 973 1246 (praeter
994 1185 1158 1228 numerum
1174 1167 1383 1247 paginarum,
1405 1189 1498 1248 quern

389 1287 490 1351 nuper
505 1265 657 1347 subduxi)
682 1285 719 1329 eo
735 1265 805 1347 ipso
828 1285 930 1348 paene
946 1274 1104 1332 momento
1120 1273 1289 1349 patuerunt
1315 1289 1377 1347 quo
1401 1290 1498 1331 01010-

388 1366 508 1432 branae
531 1367 708 1432 Vossianae
738 1388 757 1430 a
787 1386 837 1430 me
861 1369 964 1451 excuti
989 1377 1120 1452 coeptae
1150 1376 1241 1447 sunt,
1266 1390 1373 1432 mense
1397 1370 1496 1451 Aprili

389 1469 463 1531 anni
484 1490 684 1546 mncccxuvr,
713 1489 783 1533 cum
812 1469 931 1549 insigni
959 1471 1182 1536 benevolentia
1214 1492 1252 1535 ac
1285 1471 1392 1535 favore
1426 1473 1497 1534 illu-

388 1571 497 1636 strium
526 1571 708 1634 academiae
731 1570 900 1635 Leidensis
929 1579 1127 1652 curatorum,
1152 1595 1232 1655 quos
1254 1575 1361 1637 lacobi
1385 1574 1496 1647 Geelii,

388 1672 524 1736 hominis
547 1672 656 1754 optimi
678 1673 818 1754 mihique
841 1693 905 1736 non
919 1681 1047 1757 propter
1064 1676 1273 1740 eruditionem
1298 1677 1398 1739 solam
1422 1677 1496 1751 cari,

388 1774 520 1839 consilio
545 1793 620 1838 usos
644 1793 715 1838 0000
732 1774 895 1856 suspicor,
911 1775 946 1838 in
966 1777 1048 1840 hanc
1063 1779 1174 1841 urbem
1191 1783 1297 1841 essent
1311 1778 1495 1840 tremissae.

389 1877 484 1959 paulo
516 1881 589 1940 ante
622 1876 656 1940 id
685 1883 810 1959 tempus
844 1876 907 1939 duo
939 1877 1160 1944 adulescentes
1194 1880 1310 1961 optime
1343 1879 1495 1950 instituti,

389 1979 483 2059 Hugo
510 1980 709 2043 Purmannus
737 1978 870 2042 Silesius
901 1985 931 2041 01
957 1981 1091 2043 lacobus
1118 1981 1312 2062 Bernaysius
1340 1982 1496 2042 Hambur—

388 2080 520 2162 gensis,
543 2080 595 2143 via
621 2101 659 2145 00
686 2079 807 2144 1011000
835 2081 875 2143 ab
904 2080 1045 2145 Iohanne
1071 2082 1205 2144 Nicolao
1233 2080 1398 2157 Madvico‚
1428 2081 1494 2142 viro

387 2181 620 2260 eruditissimo,
636 2187 811 2247 monstrata
834 2182 875 2268 (is
898 2183 981 2245 enim
998 2180 1196 2246 emendando
1212 2181 1360 2244 Lucretio
1376 2183 1496 2263 primus

388 2289 487 2347 artem
504 2302 614 2346 sanam
631 2284 774 2349 adhibuit
788 2283 821 2346 10
836 2283 944 2349 libello
961 2284 1142 2347 academico
1155 2284 1299 2346 Hauniae
1316 2303 1398 2346 anno
1415 2286 1495 2349 1832

388 2385 551 2448 etiterum
573 2384 702 2449 biennio
725 2391 799 2469 post
817 2384 900 2449 inter
923 2386 1076 2467 opuscula
1099 2385 1198 2465 edito)
1226 2385 1258 2447 in
1275 2384 1494 2466 expendendis

387 2487 481 2552 huius
509 2487 664 2570 poe'matis
692 2487 884 2552 emendandi
911 2485 1081 2569 praesidiis
1108 2506 1224 2566 magno
1254 2485 1357 2549 studio
1393 2505 1495 2565 neque

386 2590 552 2654 infeliciter
580 2590 847 2655 elaboraverunt.
870 2591 981 2653 horum
1008 2590 1208 2652 Purmannus
1236 2588 1495 2651 Lucretianarum

388 2691 610 2774 quaestionum
641 2693 802 2774 specimen
830 2692 1040 2759 Vratislaviae
1068 2709 1177 2753 mense
1206 2689 1318 2752 Martio
1353 2688 1495 2751 eiusdem

387 2795 561 2862 00011846
586 2793 703 2872 edidit,
727 2793 923 2878 Bernaysius
945 2812 1022 2857 suae
1051 2792 1091 2872 de
1115 2791 1335 2855 emendatione
1358 2791 1495 2854 Lucretii

388 2897 662 2974 commentationi,
687 2918 782 2978 quam
816 2896 997 2960 Fridericus
1029 2894 1218 2958 Ritschelius
1250 2893 1283 2955 in
1309 2893 1494 2957 Rhenanum

390 3017 532 3061 museum
556 2997 750 3081 philologiae
778 3003 961 3065 00001847
985 2997 1122 3080 recepit,
1147 2994 1333 3076 subscripsit
1360 2994 1494 3057 eundem

387 3099 476 3162 illum
498 3100 638 3183 Aprilem
662 3101 737 3165 0001
760 3105 864 3169 1846.
888 3100 945 3163 sed
969 3119 1077 3163 eorum
1102 3116 1218 3179 opera,
1241 3102 1275 3158 ut
1297 3095 1354 3157 fuit
1380 3095 1413 3157 in
1436 3095 1496 3157 hoc

389 3201 517 3282 negotio
542 3222 618 3266 sane
638 3201 842 3267 laudabiliter
857 3201 982 3284 posita,
998 3201 1042 3263 ita
1066 3199 1161 3275 mihi,
1187 3203 1220 3260 ut
1240 3216 1348 3260 verum
1373 3195 1494 3272 dicam,

386 3303 427 3367 ad
451 3323 605 3366 summam
634 3304 680 3367 rei
708 3324 771 3366 non
793 3302 930 3386 profuit,
954 3301 1103 3382 quoniam
1130 3300 1176 3361 illi
1205 3297 1318 3380 partim
1348 3315 1387 3358 ea
1413 3316 1494 3377 quae

386 3404 463 3467 mihi
485 3404 650 3469 notissima
672 3412 762 3470 erant
783 3405 973 3479 0110101001,
990 3403 1073 3478 0110,
1097 3407 1131 3464 01
1146 3401 1366 3463 adulescentes
1389 3418 1494 3478 neque

389 3507 465 3571 satis
492 3507 524 3570 10
548 3507 685 3572 10010111
706 3506 835 3587 ingenio
865 3504 1089 3586 cognoscendo
1115 3501 1251 3578 versati,
1281 3506 1334 3562 aut
1356 3506 1495 3582 praeter-

387 3610 539 3674 miserunt
565 3615 619 3673 aut
646 3609 735 3675 falsis
762 3608 911 3672 admixtis
940 3606 1219 3669 contaminarunt.
1242 3605 1300 3666 hos
1327 3602 1423 3682 igitur
1453 3600 1493 3664 de

387 3713 576 3793 quibusnam
609 3713 703 3777 rebus
724 3719 810 3778 recte
834 3710 972 3775 sensisse
994 3706 1129 3770 iudicem
1160 3726 1199 3769 ex
1221 3724 1378 3769 consensu
1400 3705 1493 3767 facile

386 3812 608 3894 intellegetur:
630 3813 736 3878 omnia
757 3812 941 3894 singillatim
963 3828 1150 3886 recensere,
1174 3827 1214 3872 00
1234 3805 1404 3870 lectoribus
1428 3824 1494 3865 mo-

387 3913 479 3978 lestia
500 3922 648 3997 paretur,
664 3915 759 3980 nolo.

470 4017 520 4080 De
542 4017 606 4080 illis
628 4023 733 4081 autem
756 4016 856 4080 tribus
873 4013 1086 4097 apographis,
1105 4011 1219 4093 quibus
1233 4006 1308 4071 inde
1330 4007 1492 4070 asaeculo

385 4138 470 4182 nono
504 4118 687 4182 memoriam
717 4118 898 4182 Lucretiani
931 4116 1079 4181 carminis
1111 4113 1151 4177 ad
1183 4115 1323 4176 nostram
1358 4114 1493 4171 aetatem

385 4225 593 4303 propagatam
625 4238 696 4283 esse
723 4219 808 4298 dixi,
833 4226 906 4284 ante
929 4218 1035 4281 omnia
1058 4214 1221 4280 sciendum
1249 4209 1492 4274 0010010010-

385 4342 453 4385 rum
478 4340 516 4384 eo
538 4321 609 4404 ipso
632 4321 759 4384 0000010
788 4341 828 4385 ex
850 4320 1022 4402 archetypo
1048 4319 1165 4382 laetum
1188 4331 1379 4395 superesse.
1396 4312 1424 4374 is
1447 4316 1495 4371 est

385 4422 528 4487 codicum
557 4421 761 4486 Leidensium
790 4422 890 4498 alter,
913 4440 1046 4484 numero
1073 4416 1275 4498 trigesimus,
1306 4433 1399 4495 quem
1429 4433 1494 4473 on-

384 4545 540 4586 10001111
556 4522 648 4601 11100,
673 4523 748 4605 quia
771 4541 809 4586 ea
825 4520 927 4584 forma
942 4527 990 4586 est
1005 4541 1100 4602 quam
1115 4518 1212 4597 vulgo
1229 4519 1262 4579 in
1275 4516 1362 4600 folio
1378 4516 1499 4577 minori

384 4625 511 4711 dicunt.
527 4624 578 4688 hic
605 4626 690 4691 unde
718 4625 760 4689 ad
781 4626 926 4688 Isaacum
949 4622 1098 4686 Vossium
1124 4617 1305 4702 peruenerit
1328 4626 1415 4698 (nam
1438 4633 1494 4695 pa-

383 4734 433 4792 ter
456 4726 524 4790 eius
545 4725 629 4792 hunc
652 4746 716 4789 non
732 4725 863 4804 habuit,
881 4725 938 4790 sed
961 4722 1109 4806 alterum)
1132 4720 1238 4785 1110010
1260 4738 1324 4781 000
1345 4736 1493 4800 possum,
