3509 5442
199 559 377 625 ‚146
842 542 887 610 111

314 737 389 790 aar.
411 721 555 805 exceptio
578 725 626 785 est
653 718 686 782 in
708 716 895 802 pronomine
917 713 1058 798 duplici,
1082 719 1114 778 et
1140 732 1200 798 per
1221 707 1411 778 neutrum'in
1464 738 1470 759 ··

314 826 438 891 duobus
449 823 630 888 nominibus
646 871 653 884 .
671 843 712 898 vr,
726 825 788 888 298
804 822 913 901 iqoeao
924 816 979 879 ille
998 817 1111 881 Vertere
1121 840 1213 901 qaam
1222 818 1335 902 patrio
1346 817 1412 880 coci-
1465 839 1470 867 ἱ

316 942 417 992 tomos
436 929 559 990 nomiae
570 925 719 1009 ‘falmana
736 943 778 998 rv,
791 925 854 989 369
872 916 906 981 id
926 917 1011 1003 qaod
1029 942 1086 982 aaa
1105 919 1249 982 ambram
1260 918 1414 1003 perbibere
1443 918 1447 926 ’

315 1041 438 1093 cadmus
455 1077 462 1090 .
479 1049 521 1103 vr,
539 1029 599 1094 702
622 1050 678 1089 aaa
698 1021 784 1104 quod
794 1021 913 1106 fauces
930 1020 1129 1104 perbibemus
1149 1033 1178 1084 et
1196 1043 1277 1084 ora.
1300 1040 1348 1097 m,
1366 1023 1415 1086 139

317 1130 509 1210 Consilium,
527 1125 612 1207 quod
627 1151 683 1190 aco
699 1126 838 1188 amomum
854 1134 1044 1206 mentemque
1059 1145 1226 1184 vocamus.
1243 1143 1264 1197 1,
1276 1125 1320 1188 58
1336 1118 1416 1196 Quae

316 1256 372 1296 aas
394 1232 554 1295 materiem
577 1242 604 1293 et
624 1227 779 1312 penitalia
801 1247 935 1308 corpora
956 1223 1048 1286 rebus
1061 1263 1145 1272 —
1159 1223 1338 1308 Appellare
1360 1232 1418 1286 sai·

318 1357 406 1396 maa.
424 1331 481 1395 sed
497 1350 579 1412 quae
592 1325 756 1394 Charisius
768 1323 903 1399 subicit,
926 1325 989 1388 Ubi
1005 1324 1110 1387 Velius
1122 1325 1253 1410 Laupas
1267 1321 1420 1410 ‘primoum‘

319 1435 423 1518 inquit
448 1432 682 1496 ‘adverbialiter
709 1427 902 1492 audiendam
925 1427 976 1488 ecl
988 1473 996 1504 ‚
1022 1442 1061 1486 ea
1083 1426 1174 1508 (nain
1201 1443 1287 1489 vana
1308 1423 1422 1508 profari

320 1533 557 1597 Lindemannus
571 1553 602 1615 p.
615 1535 656 1598 52
672 1551 702 1593 n.
719 1530 776 1614 18)
799 1549 839 1592 ex
854 1525 958 1606 Longi
979 1525 1012 1587 in
1027 1523 1171 1588 Aeneida
1193 1525 1423 1590 commentariis

320 1635 419 1720 petita
441 1642 532 1700 sunt.
549 1632 661 1696 horum
683 1631 764 1695 libro
787 1629 927 1694 secundo
951 1625 1114 1691 Charisius
1129 1648 1159 1711 p.
1175 1633 1236 1697 153
1258 1647 1340 1693 usus
1361 1633 1424 1692 est:

321 1738 362 1804 de
384 1756 478 1803 versu
492 1734 687 1799 Lucretiano'
697 1731 808 1797 Velius
826 1734 1055 1796 commentatus
1077 1747 1149 1792 esse
1170 1729 1274 1812 potuit
1297 1728 1340 1792 ad
1361 1729 1426 1793 eius

322 1840 394 1905 libri
421 1857 546 1903 versum
563 1842 624 1914 79,
646 1834 700 1899 ubi
727 1841 775 1898 est
797 1836 866 1898 Hoc
888 1834 1050 1917 primam.
1072 1828 1209 1893 eundem
1246 1833 1369 1898 Veliam
1395 1833 1427 1895 a

323 1943 430 2027 quinto
451 1944 563 2002 testem
584 1936 659 2001 facit
681 1934 844 2000 Charisius
859 1954 891 2016 p.
904 1939 966 2001 88:
987 1932 1045 1995 sed
1071 1931 1140 1996 eius
1162 1933 1261 1998 verba
1286 1933 1335 1996 ita
1355 1931 1429 1997 scri·

322 2041 429 2107 banda
462 2045 534 2104 sunt
571 2046 605 2102 ut
637 2038 785 2119 leguntur
816 2036 849 2098 in
882 2033 1097 2115 grammaticis
1128 2034 1429 2100 Vindobonensibus

324 2165 355 2228 p.
378 2149 439 2211 110
455 2160 525 2233 ..ex
549 2138 634 2204 Velii
665 2138 698 2201 in
729 2136 854 2201 tertium
882 2135 1046 2201 Aeneidos
1076 2136 1302 2200 commentario
1334 2135 1430 2220 petita

325 2251 398 2308 sunt
420 2261 502 2324 quae
523 2240 619 2305 habet
639 2239 818 2304 Macrobius
840 2238 905 2301 Sat.
922 2260 967 2315 111,
981 2244 1021 2304 6.

410 2350 461 2412 95.
506 2362 742 2411 nncrunuoun
785 2361 958 2403 vocnrun
996 2361 1094 2401 nsr.
1128 2340 1282 2404 Marullus
1320 2360 1431 2402 nocn-

327 2468 398 2509 uuu
425 2459 488 2510 est.

412 2553 462 2615 98.
486 2547 631 2610 Snnsuu
655 2566 779 2607 amur.
801 2544 884 2607 Ante
905 2544 985 2608 haec
1005 2564 1133 2609 versum
1160 2565 1258 2608 unum
1279 2543 1333 2609 vel
1355 2564 1431 2628 pau·

328 2669 383 2715 cos
398 2647 555 2712 excidisse
570 2645 770 2710 manifestum
795 2650 863 2708 est:
881 2644 938 2708 sed
961 2664 1054 2726 quem
1069 2665 1194 2710 versum
1217 2645 1341 2710 habent
1360 2646 1430 2710 libri

326 2749 472 2834 impressi
486 2755 611 2833 praeter
625 2745 876 2827 vetustissim08‚
895 2748 1035 2824 Quamvis
1052 2749 1151 2812 malta
1166 2748 1293 2832 quidem
1308 2752 1430 2835 sapt'ea·

327 2867 390 2916 tam
406 2853 497 2915 turbo
511 2863 683 2936 pataram,
701 2867 771 2911 eum
795 2867 851 2910 cur
872 2867 965 2911 nemo
989 2869 1008 2912 a
1029 2848 1206 2914 Michahele
1219 2850 1358 2915 Marullo
1380 2851 1431 2915 fic

327 2960 392 3018 tum
414 2971 485 3016 esse
507 2949 717 3029 intellexerit,
740 2949 794 3030 qui
822 2969 888 3013 rem
917 2940 1189 3014 consideraverint
1214 2951 1429 3017 mirabuntur:

327 3073 388 3134 ego
411 3053 443 3116 in
459 3052 632 3118 editoribus
645 3051 783 3114 Lucretii
799 3051 875 3114 nihil
892 3052 1069 3115 mirandum
1092 3054 1195 3117 duco.
1211 3053 1335 3136 primus
1349 3053 1430 3118 huno

326 3175 451 3220 versum
479 3152 577 3218 edidit
598 3154 810 3236 Hieronymus
832 3153 986 3218 Aventius
1009 3153 1201 3218 Veronensis
1230 3155 1264 3217 in
1294 3154 1429 3219 editione

327 3256 463 3333 Aldina,
485 3274 568 3337 quac
590 3253 708 3338 prodiit
734 3273 842 3317 mense
865 3255 1034 3318 Deccmbri
1061 3255 1136 3318 anni
1157 3277 1223 3318 no:
1243 3255 1382 3319 eundem
1399 3255 1429 3318 in

326 3356 472 3432 Iuntina,
489 3375 571 3437 quae
594 3376 676 3420 anno
692 3377 784 3417 nnxu
803 3354 959 3437 impressa
981 3362 1049 3431 est,
1065 3358 1177 3421 Petrus
1193 3355 1360 3422 Candidus
1381 3376 1430 3420 cx·

328 3456 448 3535 hibuit,
470 3456 595 3520 Marulli
618 3475 652 3520 se
678 3456 711 3518 in
733 3455 794 3520 hoc
816 3476 912 3538 opere
935 3478 1100 3522 censuram
1122 3458 1323 3542 potissimum
1346 3478 1431 3523 secu·

327 3565 393 3623 tum
415 3558 601 3641 professus.
626 3579 722 3638 crgo,
744 3557 893 3638 quoniam
917 3558 979 3622 duo
1007 3579 1071 3622 non
1099 3564 1272 3642 potuerunt
1296 3558 1430 3624 eundem

327 3680 452 3726 versum
474 3660 597 3738 facere,
615 3666 669 3723 aut
690 3658 817 3722 Marulli
840 3667 890 3724 est
911 3669 967 3725 aut
988 3660 1133 3727 Avantii.
1150 3662 1259 3741 atquin
1278 3660 1431 3726 Aventius

326 3782 391 3826 non
406 3769 440 3826 ut
455 3762 565 3827 debuit
576 3774 730 3846 pataram
745 3759 890 3843 scripsit,
907 3762 963 3825 sed
978 3775 1125 3846 pataret;
1139 3760 1288 3842 idemque
1303 3761 1338 3824 in
1353 3762 1431 3825 libro

327 3887 360 3927 rv
381 3884 507 3930 versum
529 3867 678 3947 postibi
706 3861 848 3924 additum
877 3862 921 3926 ita
945 3868 1125 3944 corruptum
1148 3861 1257 3940 dedit,
1279 3881 1430 3948 corporo,

326 3991 377 4030 reo
391 3968 506 4029 maltos
528 3989 608 4050 qaae
623 3967 747 4028 mittant
761 3988 889 4048 corpore
908 3977 1035 4048 aperto,
1051 3981 1121 4025 cunr
1144 3963 1231 4045 apud
1253 3962 1431 4028 Candidum

327 4072 413 4130 recte
433 4067 558 4146 legatur
579 4089 631 4129 rea
644 4065 781 4129 maleae:
797 4069 828 4128 et
848 4063 882 4127 in
905 4063 1016 4127 eodem
1039 4064 1121 4127 libro
1143 4069 1216 4148 post
1229 4084 1360 4130 versum
1371 4068 1431 4134 532

326 4167 480 4231 Aventius
502 4167 571 4230 sine
593 4165 658 4229 ullo
682 4183 778 4228 seusu
793 4190 893 4230 rauco
907 4168 994 4242 caah,
1017 4180 1045 4229 et
1060 4169 1119 4231 iter
1133 4165 1239 4230 reddit
1253 4192 1319 4252 qao
1333 4169 1432 4232 accit

326 4269 361 4330 ia
375 4290 493 4347 ouras,
512 4265 674 4331 Candidus
689 4271 794 4328 autem
810 4263 976 4329 emendate
988 4267 1101 4331 Rauca
1115 4270 1177 4331 viis
1192 4280 1221 4332 et
1234 4270 1295 4333 iter
1310 4269 1427 4334 laedit.

326 4365 397 4448 quis
418 4366 515 4446 igitur
536 4367 682 4431 dubitare
703 4371 808 4449 potest
833 4365 910 4447 quin
931 4366 1105 4446 Aventius,
1127 4368 1181 4449 qui
1204 4388 1239 4433 se
1263 4369 1431 4453 corruptis

326 4466 439 4530 simum
466 4467 606 4533 Lucretii
632 4474 746 4551 po'e'ma
779 4467 846 4532 sine
876 4467 1006 4549 antiquo
1033 4470 1207 4553 exemplari
1241 4467 1430 4534 emendasse

324 4567 452 4647 scribit,
474 4569 585 4634 ethos
611 4575 643 4634 et
664 4575 786 4634 ceteros
808 4587 909 4633 novos
936 4588 1047 4634 versus
1073 4571 1212 4653 itemque
1235 4569 1430 4636 emendatio

323 4687 383 4736 nes
409 4670 592 4736 innumeras
618 4671 753 4735 Marullo
780 4668 918 4746 debeat,
939 4670 997 4734 sed
1030 4673 1167 4737 noluerit
1187 4671 1324 4736 Marullo
1359 4670 1428 4736 vivo
