3509 5442
416 600 457 663 36
960 593 975 655 Ι

417 765 526 848 aquila
541 763 687 831 Valerius
703 763 837 828 Flaccus
851 763 886 826 in
897 786 923 839 1,
939 767 997 831 157
1014 765 1246 849 validissimam
1263 764 1357 849 ertjqit
1369 766 1525 852 nequibas

417 893 551 953 apuam.
567 866 619 930 hic
641 871 765 943 autem,
782 865 837 929 ubi
860 864 900 929 de
920 867 1057 952 plomere
1078 864 1204 946 agitur,
1221 886 1291 930 cum
1305 868 1485 951 plomerata
1499 874 1526 932 et

413 970 642 1055 plomeramina
658 972 689 1031 et
703 968 934 1052 complantarem
953 987 1017 1029 non
1032 967 1126 1031 mode
1141 966 1193 1032 hie
1208 974 1302 1050 petita
1318 967 1456 1047 dixerit,
1473 969 1525 1033 sed

416 1070 527 1135 eadem
543 1088 694 1133 mensura
709 1067 784 1131 olim
796 1067 918 1132 Ennius
929 1071 1018 1134 Eheu
1035 1069 1086 1156 (eu
1102 1069 1296 1151 exemplaria
1311 1071 1410 1135 Nonii
1426 1093 1459 1155 p.
1473 1073 1524 1155 90)

415 1175 641 1259 meafortuna,
654 1186 689 1235 at
703 1173 809 1235 omnia
830 1173 863 1234 in
885 1196 932 1235 me
950 1173 1162 1258 conplemeras
1181 1173 1287 1252 mala,
1306 1193 1385 1236 sane
1408 1173 1524 1256 impro-

413 1274 521 1340 babile
542 1271 667 1338 videtur
691 1273 725 1335 in
745 1271 873 1335 nomine
897 1271 1030 1355 simplici
1054 1271 1212 1337 diversam
1234 1275 1523 1356 pronuntiationem

415 1376 611 1453 obtinuisse,
626 1376 812 1458 praesertim
829 1396 900 1440 cum
922 1376 1007 1457 apud
1023 1373 1189 1438 Horatium
1212 1375 1252 1439 sit
1273 1379 1313 1440 Ut
1333 1380 1523 1467 1111111911-

414 1504 503 1544 muo.
520 1484 568 1542 est
589 1483 694 1540 tamen
709 1477 872 1542 fatendum
886 1477 967 1542 illud
983 1477 1173 1541 vocabulum
1187 1478 1221 1542 in
1236 1500 1327 1544 suam
1343 1500 1523 1545 mensnram

415 1581 576 1646 redactum
598 1580 649 1643 hic
671 1579 783 1643 ceteris
805 1580 907 1662 aptari
929 1600 993 1643 non
1015 1600 1110 1662 posse
1136 1580 1198 1644 nisi
1222 1580 1285 1646 hoc
1306 1583 1424 1661 modo,
1442 1585 1523 1648 Nam

414 1685 446 1748 si
457 1682 668 1747 tantundemst
689 1680 721 1744 in
736 1680 865 1763 plumbo
883 1681 1023 1765 eorpori'
1047 1684 1250 1767 quantumin
1272 1684 1365 1748 lanae
1382 1685 1522 1765 glomere

414 1800 478 1867 est,
496 1785 676 1849 tantundem
687 1783 825 1869 pendere
837 1810 902 1870 pur
924 1799 968 1849 est
978 1810 989 1867 ,·
1013 1804 1095 1866 quae
1119 1785 1178 1848 etsi
1201 1804 1239 1848 eo
1257 1786 1412 1865 consilia,
1429 1793 1466 1851 ut
1487 1807 1521 1852 ue

414 1891 554 1974 corporis
577 1906 693 1950 nomen
708 1912 723 1950 o
739 1883 843 1950 littera
863 1887 993 1970 antiquo
1017 1906 1104 1950 more
1128 1886 1207 1950 elisa
1223 1885 1394 1952 dicendum
1418 1896 1521 1968 esset,

412 1996 477 2054 tam
504 1989 635 2054 licenter
661 1988 819 2051 immutari
844 1989 986 2071 potuisse
1013 1988 1165 2053 credibile
1199 1995 1270 2067 est,
1293 1990 1392 2054 nihilo
1420 1992 1522 2057 minus

415 2097 538 2158 constat
558 2091 592 2154 in
612 2089 724 2170 lingua
739 2090 854 2154 Latina
874 2091 1022 2172 vulgaria
1044 2091 1203 2172 quaedam
1219 2092 1378 2157 vocabula
1399 2094 1454 2159 vel
1469 2114 1521 2158 no

412 2197 518 2272 mina,
535 2200 566 2258 et
592 2191 706 2276 partim
733 2198 889 2256 vetustate
911 2193 1101 2271 obscurata,
1118 2193 1243 2258 habere·
1265 2215 1450 2259 mensuram
1472 2201 1521 2260 aut

412 2296 594 2376 ambiguam
617 2298 672 2356 aut
693 2292 733 2356 ab
750 2292 873 2373 origine
898 2315 956 2358 sua
971 2293 1151 2360 diversam.
1167 2296 1212 2360 ita
1227 2296 1377 2361 differunt
1391 2297 1476 2363 inter
1490 2318 1520 2364 sc

407 2424 510 2485 pasus
523 2403 554 2461 et
562 2397 714 2482 pusillae,
728 2398 790 2481 effa
807 2401 838 2459 et
849 2396 963 2481 ffatim,
976 2423 1112 2462 munima
1129 2404 1160 2462 et
1171 2400 1314 2464 mamilla
1321 2450 1330 2482 ‚
1343 2402 1482 2466 seribere
1494 2406 1520 2464 et

412 2501 662 2565 consoribillent.
684 2519 704 2561 a
718 2512 840 2562 mortono
856 2503 887 2560 et
901 2502 1032 2564 moetino
1048 2505 1121 2564 suut
1140 2526 1159 2563 n
1176 2507 1321 2584 correpta
1335 2505 1506 2567 mutoniati
1513 2551 1519 2566 .

406 2604 546 2689 pumilos
566 2629 587 2665 u
608 2600 698 2665 brevi
727 2605 757 2665 et
775 2600 953 2686 pumilones
976 2599 1089 2664 eadem
1119 2601 1217 2682 longa
1240 2601 1358 2668 dixisse
1383 2602 1520 2668 creditur
1555 2608 1556 2617 ’

412 2703 550 2768 Statius:
564 2703 768 2789 pumib'ouem
790 2699 943 2784 producte
958 2702 1125 2766 Lucretius
1146 2709 1178 2766 et
1192 2704 1366 2769 Martialis.
1381 2708 1519 2793 pullino-

410 2832 496 2871 eeum
506 2804 658 2889 producte
670 2805 817 2881 Plautus,
830 2803 988 2880 Lucilius,
999 2803 1134 2868 'litinius
1144 2803 1280 2869 Charisii
1292 2825 1321 2887 p.
1333 2810 1407 2884 102,
1420 2806 1519 2871 Phae-

410 2907 506 2985 diue,
523 2907 569 2971 sic
590 2922 748 2972 mustacea
769 2906 931 2970 luvenalis
954 2911 985 2968 et
1007 2905 1125 2969 Statius
1147 2905 1216 2970 silv.
1233 2929 1263 2984 1,
1281 2913 1319 2983 0,
1339 2911 1395 2974 191
1411 2913 1519 2972 contra

410 3010 575 3074 manducan
598 3013 741 3090 correpte
764 3008 797 3070 in
812 3008 947 3090 Priapes
963 3013 1025 3084 00,
1042 3015 1082 3075 8.
1099 3009 1200 3072 Varro
1223 3007 1263 3071 de
1279 3008 1392 3090 lingua
1407 3010 1519 3074 Latina

409 3134 442 3174 rx
457 3133 487 3194 p.
503 3117 566 3180 533
582 3115 615 3176 in
632 3113 697 3197 depe
709 3110 1011 3194 venditionisjimdi
1023 3109 1125 3190 inquit
1136 3125 1209 3174 rata
1221 3136 1313 3176 caesa
1325 3114 1372 3174 ita
1385 3111 1518 3176 dicimos

409 3229 443 3278 ut
463 3240 483 3278 u
501 3214 735 3299 producamus:
752 3211 808 3276 sed
834 3211 931 3276 iidem
960 3226 1050 3276 erata
1076 3211 1168 3276 aliter
1195 3210 1363 3291 dicebaut,
1380 3213 1517 3296 itemque

409 3330 533 3379 rutrum
557 3320 588 3378 et
611 3315 758 3378 cutellum
781 3340 800 3378 u
825 3319 968 3396 correpto
990 3314 1186 3397 Pomponius
1214 3320 1245 3377 et
1268 3314 1411 3379 Lucilius
1434 3314 1518 3399 apud

408 3415 546 3479 Nonium
569 3437 598 3498 p.
619 3419 680 3483 18.
706 3413 839 3479 Ovidius
861 3414 894 3478 in
918 3438 936 3475 v
956 3415 1108 3479 fastorum
1125 3421 1186 3483 421
1211 3418 1305 3481 Ritus
1328 3420 1388 3482 em't
1406 3421 1518 3483 oeterni

408 3532 561 3594 nocturna
572 3519 724 3582 Lemuria
735 3520 824 3581 sacri
832 3569 840 3599 ,
848 3522 888 3580 -et
899 3517 1016 3583 ibidem
1028 3525 1092 3587 483
1105 3521 1183 3583 Mea
1195 3522 1288 3582 etiam
1301 3521 1434 3585 lemures
1450 3523 1518 3586 ani-

297 3697 299 3701 ,
407 3646 475 3685 maa
491 3621 600 3686 demere
615 3621 781 3684 silentum.
799 3621 917 3685 Seium
931 3621 1085 3704 producte
1101 3621 1198 3684 Silius
1212 3621 1341 3686 Italicus
1353 3645 1427 3701 vm,
1441 3627 1516 3700 424,

407 3744 428 3787 a
451 3744 513 3806 quo
537 3723 670 3790 Sabinos
693 3722 870 3805 appellatos
892 3722 987 3786 dicit.
1004 3725 1203 3788 Mamurram
1227 3723 1331 3806 prima
1352 3725 1443 3797 brevi
1459 3726 1517 3791 011-

407 3826 526 3903 tullus,
543 3824 655 3890 eadem
678 3824 776 3904 longa
792 3824 962 3888 Horatius.
979 3825 1162 3906 Propertius
1180 3828 1380 3911 Luceresque
1395 3829 1501 3892 coloni
1508 3876 1516 3907 ,

407 3925 538 3991 Ovidius
551 3928 785 4011 Luceribusque
802 3927 888 3991 dedit
900 3977 907 3990 .
924 3927 1034 3990 horum
1048 3926 1128 3989 alter
1138 3928 1183 3990 At
1198 3930 1257 3991 tibi
1265 3930 1422 4010 Mamuri,
1436 3929 1517 3992 alter

406 4029 556 4092 Praemia
568 4029 751 4114 persolvunt
766 4031 1022 4116 Mamuriumque
1041 4044 1171 4093 vocant.
1188 4028 1351 4110 Vergilius
1368 4030 1516 4095 Catilius·

405 4156 465 4216 que
480 4155 612 4217 acerque
629 4131 743 4213 Coruo,
761 4150 855 4212 quem
877 4131 1019 4212 sequitur
1034 4129 1150 4208 Silius,
1169 4131 1320 4195 Hor-atius
1334 4134 1429 4197 Circa
1444 4135 1517 4197 mite

404 4220 504 4296 solum
519 4234 646 4297 Tiburis
662 4245 690 4296 et
704 4234 826 4295 moenia
839 4234 955 4315 Catili,
968 4233 1087 4297 Statius
1100 4232 1142 4296 ad
1155 4233 1363 4297 Horatianum
1378 4233 1461 4297 illud
1471 4234 1517 4298 al·

304 4395 306 4398 ,
403 4332 518 4397 ludens
534 4333 710 4420 dictumque
727 4334 799 4417 111111
813 4337 932 4399 maiore
949 4335 1119 4400 Catillum.
1141 4335 1274 4398 Ovidius
1290 4334 1447 4399 fastorum
1462 4359 1515 4415 vr,

406 4438 466 4501 139
481 4436 541 4499 Est
551 4436 618 4499 illis
630 4437 782 4523 stm'yibua
797 4459 907 4500 nomen
919 4485 928 4516 ‚
944 4435 1052 4517 itaque
1064 4436 1119 4499 alii
1131 4487 1139 4517 ,
1157 4437 1214 4500 sed
1225 4437 1358 4502 Plautus
1372 4437 1406 4501 in
1417 4439 1516 4504 Pseu·

404 4534 587 4615 111110111,2,
601 4540 640 4604 31
657 4539 730 4601 Non
745 4536 950 4602 condimentis
965 4538 1133 4620 condiunt,
1150 4540 1208 4604 sed
1221 4542 1374 4625 stirpibus
1384 4565 1394 4604 :
1410 4526 1516 4623 neque

403 4636 487 4700 enim
509 4639 658 4724 stmbpem
682 4635 844 4702 Charisius
871 4638 997 4702 videtur
1023 4641 1188 4724 scripsisse
1210 4663 1241 4725 p.
1259 4647 1321 4719 84,
1338 4642 1395 4705 sed
1418 4642 1516 4708 libra·
1549 4714 1551 4718 ,

402 4737 487 4802 rius.
505 4739 594 4803 oanis
616 4754 779 4828 ventreque
802 4767 874 4807 aoer
889 4742 1025 4806 Martiali
1040 4766 1110 4821 mv,
1124 4747 1187 4811 200
1201 4768 1207 4806 :
1224 4742 1354 4808 Gratius
1366 4748 1431 4813 203
1447 4771 1515 4812 111-
