3509 5442
859 565 888 629 V
1364 574 1428 639 323

407 734 719 801 975·Mrss1nreus
742 754 846 797 ssxrs
869 757 912 797 nr
932 757 1055 800 uacuo
1078 759 1249 802 nounnnn
1265 761 1425 817 ananan,

317 855 404 917 quae
429 836 582 901 Marullus
608 838 715 922 posuit
747 843 820 921 post
846 837 935 901 illum
961 856 1108 919 versum,
1138 841 1254 927 Sponte
1280 866 1340 905 sna
1366 843 1432 905 aidi

319 940 457 1023 quaeqae
478 940 583 1004 valere
606 954 634 1005 ct
653 943 756 1005 vivere
779 941 886 1004 doctas
902 942 985 1016 961,
1001 939 1156 1006 Aventius
1177 941 1275 1026 paulo
1292 961 1428 1005 commo-

318 1037 393 1104 dius
407 1039 569 1124 postilla,
587 1042 849 1107 Consectabantar
863 1044 1022 1107 silvestria
1042 1045 1147 1108 saecla
1160 1046 1312 1131 fcrarant
1325 1092 1332 1107 .
1345 1061 1428 1106 nunc

319 1161 398 1206 vera
426 1141 570 1206 defectus
599 1141 676 1208 sede
702 1142 864 1209 intellecta
895 1143 940 1207 ita
966 1144 1072 1226 potius
1105 1144 1267 1222 dicemus,
1289 1150 1319 1208 et
1344 1144 1429 1208 hunc

318 1263 449 1309 versum
464 1245 663 1322 trientibus,
687 1263 790 1327 coque
805 1245 940 1310 fortasse
954 1246 1080 1328 plures,
1097 1253 1128 1311 et
1143 1253 1226 1313 certe
1241 1248 1322 1313 duos
1337 1265 1429 1331 prae·

318 1349 409 1408 terea
432 1343 634 1424 dimidiatos,
650 1366 720 1410 cum
744 1364 820 1410 casu
843 1347 1056 1426 excidissent,
1073 1348 1105 1412 in
1127 1348 1275 1414 inferiore
1290 1349 1429 1432 paginae

320 1445 465 1527 margine
488 1446 665 1530 adscriptos
687 1468 759 1512 eum
782 1466 801 1510 a
824 1467 887 1528 quo
917 1447 1061 1513 codicum
1083 1456 1262 1515 nostrorum
1284 1449 1429 1533 archety-

318 1568 387 1631 pon
412 1546 528 1613 iactrun
558 1555 607 1614 est
634 1568 674 1614 ex
699 1554 789 1632 parte
818 1547 992 1628 fefellisse,
1013 1556 1049 1614 ut
1069 1551 1125 1615 illa
1152 1570 1300 1617 versuum
1329 1552 1429 1617 frusta

320 1649 500 1730 omitteret,
516 1650 598 1715 hunc
620 1657 746 1729 autem,
763 1651 816 1732 qui
837 1651 962 1733 integer
983 1658 1087 1730 esset,
1103 1672 1168 1716 non
1189 1672 1246 1717 suo
1266 1653 1337 1718 loco
1353 1653 1430 1718 scri-

319 1749 431 1816 beret.
446 1752 553 1835 itaque
574 1753 654 1819 haec
668 1775 720 1820 res
742 1759 776 1817 ut
790 1753 931 1836 apertior
952 1753 1025 1833 fiat,
1041 1775 1106 1818 non
1126 1760 1161 1817 ut
1176 1774 1247 1819 cum
1262 1754 1429 1831 Lucretio,

320 1870 448 1917 summo
474 1874 622 1919 versuum
648 1855 787 1938 artifice,
807 1853 847 1919 de
873 1855 1005 1919 victoria
1039 1854 1249 1934 contendam,
1268 1854 1427 1921 defectum

322 1955 473 2038 supplere
496 1939 655 2023 conalior.
671 1957 751 2023 haec
766 1957 882 2040 igitur,
899 1956 927 2020 si
949 1977 1013 2021 non
1034 1958 1218 2041 aptissima,
1232 1958 1343 2023 saltem
1358 1960 1427 2024 bre·

320 2056 455 2123 tissima
477 2060 571 2125 etad
593 2078 659 2125 rem
681 2059 818 2124 maxime
841 2060 1024 2124 necessaria
1051 2080 1122 2126 esse
1143 2068 1240 2145 puto.
1264 2063 1429 2148 Maltaqae

321 2161 506 2243 vincebant,
522 2164 663 2227 citabant
679 2183 789 2248 panca
805 2162 953 2244 latebras,
969 2162 1201 2250 Saetigertsqac
1213 2188 1313 2250 parea
1333 2165 1429 2228 sabas

321 2260 495 2344 ardorique
515 2262 643 2328 leonum
658 2265 837 2328 nassitanae
857 2264 948 2327 sanas
969 2277 996 2328 et
1014 2289 1127 2350 maana
1138 2266 1280 2351 pondera
1298 2266 1427 2330 clacac.

321 2361 402 2428 Inde
413 2364 501 2430 cavis
512 2372 629 2430 temere
636 2365 753 2430 abiecti
762 2365 921 2429 silvestria
931 2368 1172 2432 membraNada
1184 2368 1302 2432 dabant
1312 2380 1414 2432 terrac
1419 2416 1428 2447 ,

321 2478 474 2531 nocturno
487 2480 621 2554 tempora
631 2470 718 2553 capti
721 2515 730 2548 ,
738 2467 863 2532 Circaea
872 2491 905 2530 se
900 2467 1000 2551 foliis
1005 2492 1042 2531 aa
1044 2469 1221 2554 frondibus
1227 2469 1428 2533 involventes.

410 2572 483 2636 973.
508 2568 762 2649 Quanansnsr
784 2589 959 2632 enarrer.
983 2568 1205 2648 Antiquissimi
1235 2574 1430 2635 correctores

322 2689 473 2734 ravrnr.

325 2834 329 2841 r
411 2777 484 2841 976.
506 2773 592 2837 Dnu
629 2793 752 2837 norun
790 2793 901 2836 rnen.
934 2769 1008 2835 Itali
1046 2775 1077 2835 et
1115 2770 1291 2836 Brixiensis
1328 2769 1430 2836 editor

323 2895 463 2939 nossa.

410 2982 483 3045 977.
506 2978 670 3042 Asnaus
701 2999 799 3047 Quom
831 2996 941 3039 nuru.
972 2973 1138 3039 Correctcr
1167 2973 1335 3057 quadrati,
1354 2974 1429 3039 item

322 3080 396 3144 Itali
419 3084 450 3145 et
471 3076 681 3163 impressi‚A
704 3100 855 3141 rouvre.
909 3152 915 3161 ,

411 3187 483 3251 984.
506 3181 723 3251 Enrcrroun
744 3202 867 3245 nono.
893 3178 1059 3260 Oblongus
1078 3198 1149 3243 cum
1165 3178 1341 3243 Veronensi
1364 3177 1431 3242 edi·

323 3284 412 3348 tione
434 3285 477 3348 Et
499 3284 629 3368 lectique
640 3334 649 3367 ,
664 3283 736 3348 Itali
759 3289 790 3346 et
811 3280 985 3345 Brixiensis
1006 3281 1238 3350 Erncrroun.

411 3389 483 3453 985.
506 3385 715 3450 Sruurcnnr
738 3406 818 3448 sors
841 3404 1016 3446 unvauru
1043 3403 1254 3452 vauroronn
1277 3402 1429 3446 nnours.

322 3488 425 3551 Immo
446 3487 552 3552 calidi
557 3510 603 3549 vn
626 3488 724 3552 teonis
737 3533 744 3550 .
759 3486 793 3550 iu
815 3507 857 3564 IV,
876 3489 957 3553 1016
976 3486 1152 3572 pantherae
1173 3509 1280 3549 morsa
1309 3485 1432 3549 saeviam

324 3591 444 3656 leona.

342 3720 345 3724 ·
412 3695 484 3760 989.
507 3691 653 3754 Dauara
678 3711 910 3760 arnousnaur
926 3710 1112 3751 nnusurrs
1134 3708 1275 3750 neurus
1297 3707 1430 3748 vrrnn.

324 3793 562 3860 Alienissimum
578 3801 628 3859 est
643 3795 805 3874 tentantis,
819 3812 890 3856 cum
907 3789 947 3856 de
962 3790 1109 3854 mortium
1123 3787 1323 3852 multitudine
1334 3805 1433 3867 agen

318 3894 402 3959 ¹dum
424 3894 484 3959 sit.
500 3895 639 3961 Muretus
666 3892 798 3975 egregie
825 3914 1004 3955 nssnurrs
1034 3893 1155 3956 tannina
1183 3892 1284 3953 citae.
1300 3886 1433 3969 Vergilii

324 3996 383 4060 illa
406 4002 482 4061 nota
504 4001 596 4074 sunt,
612 4009 654 4061 tot
675 3999 739 4060 iarn
763 3995 938 4058 labentibus
960 3995 1073 4075 annis,
1089 3993 1189 4055 ventat
1204 3991 1313 4054 lacteis
1329 3990 1432 4053 laben-

324 4099 409 4163 tibus
431 4111 537 4163 aetas.
553 4096 702 4161 Manilius
723 4119 757 4175 11,
769 4101 832 4164 885
849 4097 1079 4178 Labentemque
1106 4092 1188 4157 diem
1215 4094 1298 4156 citae
1319 4104 1432 4156 trenna

326 4200 452 4283 lamque
473 4212 647 4263 senectam.
679 4259 682 4265 .

413 4302 487 4367 992.
510 4320 691 4362 enarrarre.
715 4298 882 4363 Correotor
905 4297 1035 4382 oblongi
1058 4318 1215 4360 aaurrn.

413 4403 486 4467 993.
507 4401 605 4465 Vrvs
631 4421 765 4462 vrnuus
798 4422 888 4464 vrso
917 4422 1085 4464 suenum
1112 4420 1269 4462 vrscnnn
1292 4418 1432 4462 suero.

325 4501 399 4566 Itali
421 4507 453 4566 et
472 4500 621 4584 impressi
642 4522 730 4565 v1vo
754 4503 860 4567 basto.
876 4505 998 4568 ancara
1020 4506 1125 4566 autem
1146 4500 1197 4565 hic
1220 4519 1285 4564 non
1307 4516 1433 4564 carnem

326 4603 422 4682 dicit,
440 4602 498 4668 sed
519 4603 646 4668 intimas
669 4603 811 4687 corporis
832 4624 896 4667 non
918 4603 1013 4668 modo
1034 4603 1067 4665 in
1088 4621 1152 4665 uno
1175 4601 1316 4666 alterove
1337 4617 1435 4661 mem-

327 4706 387 4770 bro
403 4703 497 4772 adesi
510 4711 618 4789 partes
630 4705 815 4782 „simillimo
828 4704 926 4771 modo
941 4709 1064 4771 vaona
1078 4703 1113 4768 in
1126 4700 1254 4768 inscrd.
1270 4721 1303 4779 11,
1315 4703 1358 4767 34
1372 4697 1435 4762 dici

1169 4803 1236 4870 21*
