<?xml version="1.0" encoding="UTF-8"?>
<!DOCTYPE html PUBLIC "-//W3C//DTD XHTML 1.0 Transitional//EN"
    "http://www.w3.org/TR/xhtml1/DTD/xhtml1-transitional.dtd">
<html xmlns="http://www.w3.org/1999/xhtml" xml:lang="en" lang="en">
 <head>
  <title>
</title>
<meta http-equiv="Content-Type" content="text/html;charset=utf-8" />
  <meta name='ocr-system' content='tesseract 3.04.00' />
  <meta name='ocr-capabilities' content='ocr_page ocr_carea ocr_par ocr_line ocrx_word'/>
</head>
<body>
  <div class='ocr_page' id='page_1' title='image "./carolilachmanni00lachgoog_0333.png"; bbox 0 0 3509 5442; ppageno 0'>
   <div class='ocr_carea' id='block_1_1' title="bbox 393 546 962 623">
    <p class='ocr_par' dir='ltr' id='par_1_1' title="bbox 393 546 962 623">
     <span class='ocr_line' id='line_1_1' title="bbox 393 546 962 623; baseline -0.019 0"><span class='ocrx_word' id='word_1_1' title='bbox 393 555 457 623; x_wconf 80' lang='lat'>328</span> <span class='ocrx_word' id='word_1_2' title='bbox 933 546 962 612; x_wconf 93' lang='lat' dir='ltr'>V</span> 
     </span>
    </p>
   </div>
   <div class='ocr_carea' id='block_1_2' title="bbox 394 715 1503 1209">
    <p class='ocr_par' dir='ltr' id='par_1_2' title="bbox 394 715 1503 1209">
     <span class='ocr_line' id='line_1_2' title="bbox 394 715 1499 799; baseline -0.005 -13"><span class='ocrx_word' id='word_1_3' title='bbox 394 721 510 787; x_wconf 85' lang='lat' dir='ltr'>Latina</span> <span class='ocrx_word' id='word_1_4' title='bbox 530 721 564 785; x_wconf 93' lang='lat' dir='ltr'>in</span> <span class='ocrx_word' id='word_1_5' title='bbox 580 719 714 785; x_wconf 80' lang='lat' dir='ltr'>Graecis</span> <span class='ocrx_word' id='word_1_6' title='bbox 736 716 907 795; x_wconf 79' lang='lat' dir='ltr'>abstinuit,</span> <span class='ocrx_word' id='word_1_7' title='bbox 924 715 1020 782; x_wconf 89' lang='lat' dir='ltr'>credo</span> <span class='ocrx_word' id='word_1_8' title='bbox 1043 716 1130 797; x_wconf 91' lang='lat' dir='ltr'>quod</span> <span class='ocrx_word' id='word_1_9' title='bbox 1143 715 1184 780; x_wconf 89' lang='lat' dir='ltr'>iis</span> <span class='ocrx_word' id='word_1_10' title='bbox 1200 715 1283 780; x_wconf 93' lang='lat' dir='ltr'>illud</span> <span class='ocrx_word' id='word_1_11' title='bbox 1306 718 1323 781; x_wconf 79' lang='lat' dir='ltr'>i</span> <span class='ocrx_word' id='word_1_12' title='bbox 1331 765 1340 799; x_wconf 90' lang='lat'>,</span> <span class='ocrx_word' id='word_1_13' title='bbox 1357 715 1446 797; x_wconf 91' lang='lat' dir='ltr'>quod</span> <span class='ocrx_word' id='word_1_14' title='bbox 1459 723 1499 781; x_wconf 90' lang='lat' dir='ltr'>est</span> 
     </span>
     <span class='ocr_line' id='line_1_3' title="bbox 395 817 1500 903; baseline -0.006 -14"><span class='ocrx_word' id='word_1_15' title='bbox 395 829 470 889; x_wconf 87' lang='lat' dir='ltr'>ante</span> <span class='ocrx_word' id='word_1_16' title='bbox 504 826 611 887; x_wconf 91' lang='lat' dir='ltr'>notam</span> <span class='ocrx_word' id='word_1_17' title='bbox 644 841 764 903; x_wconf 89' lang='lat' dir='ltr'>casus,</span> <span class='ocrx_word' id='word_1_18' title='bbox 792 820 950 885; x_wconf 84' lang='lat' dir='ltr'>Graecum</span> <span class='ocrx_word' id='word_1_19' title='bbox 983 817 1176 894; x_wconf 88' lang='lat' dir='ltr'>videbatur,</span> <span class='ocrx_word' id='word_1_20' title='bbox 1200 822 1236 881; x_wconf 91' lang='lat' dir='ltr'>ut</span> <span class='ocrx_word' id='word_1_21' title='bbox 1267 837 1361 883; x_wconf 90' lang='lat' dir='ltr'>more</span> <span class='ocrx_word' id='word_1_22' title='bbox 1395 818 1500 882; x_wconf 83' lang='lat' dir='ltr'>Latino</span> 
     </span>
     <span class='ocr_line' id='line_1_4' title="bbox 395 918 1501 1009; baseline -0.005 -20"><span class='ocrx_word' id='word_1_23' title='bbox 395 922 562 1009; x_wconf 88' lang='lat' dir='ltr'>praeteriri</span> <span class='ocrx_word' id='word_1_24' title='bbox 594 942 659 986; x_wconf 91' lang='lat' dir='ltr'>non</span> <span class='ocrx_word' id='word_1_25' title='bbox 687 927 815 1005; x_wconf 89' lang='lat' dir='ltr'>posset.</span> <span class='ocrx_word' id='word_1_26' title='bbox 832 939 931 1001; x_wconf 84' lang='lat' dir='ltr'>quare</span> <span class='ocrx_word' id='word_1_27' title='bbox 963 919 1057 984; x_wconf 89' lang='lat' dir='ltr'>facile</span> <span class='ocrx_word' id='word_1_28' title='bbox 1090 918 1185 984; x_wconf 91' lang='lat' dir='ltr'>credo</span> <span class='ocrx_word' id='word_1_29' title='bbox 1212 918 1355 983; x_wconf 83' lang='lat' dir='ltr'>Ennium</span> <span class='ocrx_word' id='word_1_30' title='bbox 1391 919 1501 984; x_wconf 85' lang='lat' dir='ltr'>dixisse</span> 
     </span>
     <span class='ocr_line' id='line_1_5' title="bbox 396 1020 1500 1109; baseline -0.004 -17"><span class='ocrx_word' id='word_1_31' title='bbox 396 1025 574 1092; x_wconf 75' lang='lat' dir='ltr'>Brundisii</span> <span class='ocrx_word' id='word_1_32' title='bbox 580 1023 817 1087; x_wconf 79' lang='lat' dir='ltr'>siveBrcutecii</span> <span class='ocrx_word' id='word_1_33' title='bbox 826 1020 1040 1109; x_wconf 73' lang='lat' dir='ltr'>corpus-apud</span> <span class='ocrx_word' id='word_1_34' title='bbox 1050 1021 1220 1103; x_wconf 82' lang='lat' dir='ltr'><strong>Apuleium</strong></span> <span class='ocrx_word' id='word_1_35' title='bbox 1232 1021 1274 1087; x_wconf 81' lang='lat' dir='ltr'>(le</span> <span class='ocrx_word' id='word_1_36' title='bbox 1286 1021 1401 1102; x_wconf 78' lang='lat' dir='ltr'>magia</span> <span class='ocrx_word' id='word_1_37' title='bbox 1407 1040 1439 1104; x_wconf 80' lang='lat' dir='ltr'>p.</span> <span class='ocrx_word' id='word_1_38' title='bbox 1447 1026 1500 1090; x_wconf 84' lang='lat' dir='ltr'>48‘l</span> 
     </span>
     <span class='ocr_line' id='line_1_6' title="bbox 398 1123 1503 1209; baseline -0.005 -18"><span class='ocrx_word' id='word_1_39' title='bbox 398 1125 501 1209; x_wconf 80' lang='lat' dir='ltr'>eud,</span> <span class='ocrx_word' id='word_1_40' title='bbox 518 1130 549 1191; x_wconf 90' lang='lat' dir='ltr'>et</span> <span class='ocrx_word' id='word_1_41' title='bbox 562 1123 726 1188; x_wconf 83' lang='lat' dir='ltr'>Manilium</span> <span class='ocrx_word' id='word_1_42' title='bbox 745 1124 778 1186; x_wconf 90' lang='lat' dir='ltr'>in</span> <span class='ocrx_word' id='word_1_43' title='bbox 799 1147 833 1201; x_wconf 92' lang='lat'>11,</span> <span class='ocrx_word' id='word_1_44' title='bbox 848 1129 910 1191; x_wconf 77' lang='lat'>740</span> <span class='ocrx_word' id='word_1_45' title='bbox 924 1123 1182 1188; x_wconf 81' lang='lat' dir='ltr'>Dodecctemorii</span> <span class='ocrx_word' id='word_1_46' title='bbox 1189 1174 1198 1205; x_wconf 86' lang='lat'>,</span> <span class='ocrx_word' id='word_1_47' title='bbox 1221 1141 1331 1205; x_wconf 88' lang='lat' dir='ltr'>neque</span> <span class='ocrx_word' id='word_1_48' title='bbox 1353 1127 1413 1186; x_wconf 86' lang='lat' dir='ltr'>aut</span> <span class='ocrx_word' id='word_1_49' title='bbox 1434 1123 1503 1188; x_wconf 87' lang='lat' dir='ltr'>Ver·</span> 
     </span>
    </p>
   </div>
   <div class='ocr_carea' id='block_1_3' title="bbox 304 1223 1505 1310">
    <p class='ocr_par' dir='ltr' id='par_1_3' title="bbox 304 1223 1505 1310">
     <span class='ocr_line' id='line_1_7' title="bbox 304 1223 1505 1310; baseline -0.007 -16"><span class='ocrx_word' id='word_1_50' title='bbox 304 1233 308 1239; x_wconf 74' lang='grc'>’</span> <span class='ocrx_word' id='word_1_51' title='bbox 398 1227 476 1310; x_wconf 85' lang='lat' dir='ltr'>gilio</span> <span class='ocrx_word' id='word_1_52' title='bbox 493 1225 691 1309; x_wconf 89' lang='lat' dir='ltr'>eripiendum</span> <span class='ocrx_word' id='word_1_53' title='bbox 714 1244 786 1290; x_wconf 92' lang='lat' dir='ltr'>esse</span> <span class='ocrx_word' id='word_1_54' title='bbox 803 1225 953 1290; x_wconf 80' lang='lat' dir='ltr'>Palladii</span> <span class='ocrx_word' id='word_1_55' title='bbox 960 1274 968 1305; x_wconf 92' lang='lat'>,</span> <span class='ocrx_word' id='word_1_56' title='bbox 986 1223 1072 1304; x_wconf 90' lang='lat' dir='ltr'>quod</span> <span class='ocrx_word' id='word_1_57' title='bbox 1094 1223 1193 1287; x_wconf 91' lang='lat' dir='ltr'>estin</span> <span class='ocrx_word' id='word_1_58' title='bbox 1208 1247 1242 1287; x_wconf 89' lang='lat' dir='ltr'>1x</span> <span class='ocrx_word' id='word_1_59' title='bbox 1256 1227 1339 1290; x_wconf 82' lang='lat' dir='ltr'>Aen.</span> <span class='ocrx_word' id='word_1_60' title='bbox 1358 1227 1444 1300; x_wconf 83' lang='lat'>151,</span> <span class='ocrx_word' id='word_1_61' title='bbox 1458 1229 1505 1288; x_wconf 87' lang='lat' dir='ltr'>aut</span> 
     </span>
    </p>
   </div>
   <div class='ocr_carea' id='block_1_4' title="bbox 323 1324 1552 4768">
    <p class='ocr_par' dir='ltr' id='par_1_4' title="bbox 323 1324 1552 4659">
     <span class='ocr_line' id='line_1_8' title="bbox 398 1324 1504 1412; baseline -0.003 -20"><span class='ocrx_word' id='word_1_62' title='bbox 398 1327 547 1393; x_wconf 83' lang='lat' dir='ltr'>Terentio</span> <span class='ocrx_word' id='word_1_63' title='bbox 559 1328 628 1390; x_wconf 79' lang='lat' dir='ltr'>Rus</span> <span class='ocrx_word' id='word_1_64' title='bbox 635 1327 732 1392; x_wconf 75' lang='lat' dir='ltr'>Sunii</span> <span class='ocrx_word' id='word_1_65' title='bbox 741 1327 859 1412; x_wconf 86' lang='lat' dir='ltr'>ecquod</span> <span class='ocrx_word' id='word_1_66' title='bbox 869 1327 999 1390; x_wconf 76' lang='lat' dir='ltr'>habeam</span> <span class='ocrx_word' id='word_1_67' title='bbox 1004 1324 1085 1387; x_wconf 85' lang='lat' dir='ltr'>Eun.</span> <span class='ocrx_word' id='word_1_68' title='bbox 1092 1347 1138 1402; x_wconf 89' lang='lat'>111,</span> <span class='ocrx_word' id='word_1_69' title='bbox 1147 1331 1177 1409; x_wconf 88' lang='lat'>3,</span> <span class='ocrx_word' id='word_1_70' title='bbox 1186 1331 1225 1392; x_wconf 88' lang='lat'>13</span> <span class='ocrx_word' id='word_1_71' title='bbox 1237 1374 1245 1388; x_wconf 83' lang='grc'><strong>.</strong></span> <span class='ocrx_word' id='word_1_72' title='bbox 1258 1331 1405 1390; x_wconf 79' lang='lat' dir='ltr'>ceterum</span> <span class='ocrx_word' id='word_1_73' title='bbox 1416 1326 1504 1408; x_wconf 81' lang='lat' dir='ltr'>paulo</span> 
     </span>
     <span class='ocr_line' id='line_1_9' title="bbox 399 1424 1505 1508; baseline -0.004 -14"><span class='ocrx_word' id='word_1_74' title='bbox 399 1428 555 1494; x_wconf 77' lang='lat' dir='ltr'>curiosius</span> <span class='ocrx_word' id='word_1_75' title='bbox 583 1446 677 1507; x_wconf 86' lang='lat' dir='ltr'>quam</span> <span class='ocrx_word' id='word_1_76' title='bbox 701 1425 911 1492; x_wconf 79' lang='lat' dir='ltr'>Sverdsidvus</span> <span class='ocrx_word' id='word_1_77' title='bbox 937 1424 1011 1490; x_wconf 84' lang='lat' dir='ltr'>fecit</span> <span class='ocrx_word' id='word_1_78' title='bbox 1035 1446 1066 1508; x_wconf 88' lang='lat' dir='ltr'>p.</span> <span class='ocrx_word' id='word_1_79' title='bbox 1083 1431 1124 1495; x_wconf 84' lang='grc'>66</span> <span class='ocrx_word' id='word_1_80' title='bbox 1151 1425 1333 1492; x_wconf 87' lang='lat' dir='ltr'>docendum</span> <span class='ocrx_word' id='word_1_81' title='bbox 1360 1432 1434 1492; x_wconf 84' lang='lat' dir='ltr'>erat</span> <span class='ocrx_word' id='word_1_82' title='bbox 1449 1427 1505 1490; x_wconf 69' lang='lat' dir='ltr'>&#39;ot</span> 
     </span>
     <span class='ocr_line' id='line_1_10' title="bbox 400 1527 1505 1612; baseline -0.004 -16"><span class='ocrx_word' id='word_1_83' title='bbox 400 1529 612 1596; x_wconf 84' lang='lat' dir='ltr'>servationem</span> <span class='ocrx_word' id='word_1_84' title='bbox 633 1528 769 1593; x_wconf 85' lang='lat' dir='ltr'>Bentleii</span> <span class='ocrx_word' id='word_1_85' title='bbox 797 1529 953 1611; x_wconf 90' lang='lat' dir='ltr'>scriptura</span> <span class='ocrx_word' id='word_1_86' title='bbox 979 1527 1087 1610; x_wconf 90' lang='lat' dir='ltr'>legum</span> <span class='ocrx_word' id='word_1_87' title='bbox 1115 1528 1316 1610; x_wconf 87' lang='lat' dir='ltr'>antiquarum</span> <span class='ocrx_word' id='word_1_88' title='bbox 1341 1547 1450 1612; x_wconf 89' lang='lat' dir='ltr'>usque</span> <span class='ocrx_word' id='word_1_89' title='bbox 1470 1527 1505 1592; x_wconf 82' lang='lat' dir='ltr'>ad</span> 
     </span>
     <span class='ocr_line' id='line_1_11' title="bbox 400 1629 1552 1714; baseline -0.001 -17"><span class='ocrx_word' id='word_1_90' title='bbox 400 1630 536 1713; x_wconf 85' lang='lat' dir='ltr'>Augusti</span> <span class='ocrx_word' id='word_1_91' title='bbox 558 1629 752 1713; x_wconf 83' lang='lat' dir='ltr'>principatus</span> <span class='ocrx_word' id='word_1_92' title='bbox 774 1630 867 1695; x_wconf 89' lang='lat' dir='ltr'>finem</span> <span class='ocrx_word' id='word_1_93' title='bbox 886 1633 1066 1693; x_wconf 78' lang='lat' dir='ltr'>constanter</span> <span class='ocrx_word' id='word_1_94' title='bbox 1088 1635 1119 1694; x_wconf 93' lang='lat' dir='ltr'>et</span> <span class='ocrx_word' id='word_1_95' title='bbox 1140 1629 1208 1695; x_wconf 84' lang='lat' dir='ltr'>sine</span> <span class='ocrx_word' id='word_1_96' title='bbox 1230 1630 1299 1694; x_wconf 84' lang='lat' dir='ltr'>ulla</span> <span class='ocrx_word' id='word_1_97' title='bbox 1321 1630 1505 1714; x_wconf 83' lang='lat' dir='ltr'>exceptione</span> <span class='ocrx_word' id='word_1_98' title='bbox 1551 1668 1552 1696; x_wconf 60' lang='lat' dir='ltr'>r</span> 
     </span>
     <span class='ocr_line' id='line_1_12' title="bbox 400 1730 1506 1818; baseline -0.004 -20"><span class='ocrx_word' id='word_1_99' title='bbox 400 1731 599 1799; x_wconf 82' lang='lat' dir='ltr'>confirmari.</span> <span class='ocrx_word' id='word_1_100' title='bbox 615 1730 649 1793; x_wconf 90' lang='lat' dir='ltr'>in</span> <span class='ocrx_word' id='word_1_101' title='bbox 675 1730 793 1794; x_wconf 83' lang='lat' dir='ltr'>Thoria</span> <span class='ocrx_word' id='word_1_102' title='bbox 817 1731 934 1812; x_wconf 82' lang='lat' dir='ltr'>legitur</span> <span class='ocrx_word' id='word_1_103' title='bbox 960 1734 1064 1798; x_wconf 82' lang='lat' dir='ltr'>iudici</span> <span class='ocrx_word' id='word_1_104' title='bbox 1076 1740 1138 1813; x_wconf 81' lang='lat'>35,</span> <span class='ocrx_word' id='word_1_105' title='bbox 1158 1734 1287 1818; x_wconf 69' lang='lat' dir='ltr'>aedifici</span> <span class='ocrx_word' id='word_1_106' title='bbox 1299 1737 1362 1811; x_wconf 86' lang='lat'>99,</span> <span class='ocrx_word' id='word_1_107' title='bbox 1378 1731 1416 1795; x_wconf 86' lang='lat' dir='ltr'>in</span> <span class='ocrx_word' id='word_1_108' title='bbox 1442 1732 1506 1796; x_wconf 88' lang='lat' dir='ltr'>Ser·</span> 
     </span>
     <span class='ocr_line' id='line_1_13' title="bbox 400 1831 1506 1916; baseline -0.002 -18"><span class='ocrx_word' id='word_1_109' title='bbox 400 1834 477 1899; x_wconf 84' lang='lat' dir='ltr'>vilia</span> <span class='ocrx_word' id='word_1_110' title='bbox 489 1834 605 1899; x_wconf 80' lang='lat' dir='ltr'>concili</span> <span class='ocrx_word' id='word_1_111' title='bbox 612 1852 643 1914; x_wconf 87' lang='lat' dir='ltr'>p.</span> <span class='ocrx_word' id='word_1_112' title='bbox 656 1837 697 1900; x_wconf 82' lang='lat'>68</span> <span class='ocrx_word' id='word_1_113' title='bbox 710 1882 717 1908; x_wconf 84' lang='lat'><strong>‚</strong></span> <span class='ocrx_word' id='word_1_114' title='bbox 733 1831 767 1894; x_wconf 90' lang='lat' dir='ltr'>in</span> <span class='ocrx_word' id='word_1_115' title='bbox 780 1832 856 1913; x_wconf 83' lang='lat' dir='ltr'>lege</span> <span class='ocrx_word' id='word_1_116' title='bbox 867 1832 943 1914; x_wconf 80' lang='lat' dir='ltr'>pagi</span> <span class='ocrx_word' id='word_1_117' title='bbox 955 1833 1150 1902; x_wconf 85' lang='lat' dir='ltr'>Herculanei</span> <span class='ocrx_word' id='word_1_118' title='bbox 1161 1837 1217 1902; x_wconf 81' lang='lat' dir='ltr'>On.</span> <span class='ocrx_word' id='word_1_119' title='bbox 1230 1836 1365 1899; x_wconf 82' lang='lat' dir='ltr'>Laetori</span> <span class='ocrx_word' id='word_1_120' title='bbox 1372 1883 1383 1916; x_wconf 84' lang='lat'>,</span> <span class='ocrx_word' id='word_1_121' title='bbox 1394 1833 1429 1896; x_wconf 88' lang='lat' dir='ltr'>in</span> <span class='ocrx_word' id='word_1_122' title='bbox 1440 1832 1506 1915; x_wconf 85' lang='lat' dir='ltr'>lege</span> 
     </span>
     <span class='ocr_line' id='line_1_14' title="bbox 323 1931 1552 2022; baseline -0.004 -20"><span class='ocrx_word' id='word_1_123' title='bbox 323 1931 330 1943; x_wconf 51' lang='lat'>⁸</span> <span class='ocrx_word' id='word_1_124' title='bbox 402 1935 443 2003; x_wconf 90' lang='lat' dir='ltr'>de</span> <span class='ocrx_word' id='word_1_125' title='bbox 457 1933 661 2000; x_wconf 83' lang='lat' dir='ltr'>Termesibus</span> <span class='ocrx_word' id='word_1_126' title='bbox 675 1932 849 1997; x_wconf 87' lang='lat' dir='ltr'>maioribus</span> <span class='ocrx_word' id='word_1_127' title='bbox 862 1932 987 1999; x_wconf 89' lang='lat' dir='ltr'>Pisides</span> <span class='ocrx_word' id='word_1_128' title='bbox 999 1942 1126 2022; x_wconf 80' lang='lat' dir='ltr'>portori</span> <span class='ocrx_word' id='word_1_129' title='bbox 1136 1962 1170 2020; x_wconf 84' lang='lat'>11,</span> <span class='ocrx_word' id='word_1_130' title='bbox 1181 1943 1224 2006; x_wconf 87' lang='lat'>34</span> <span class='ocrx_word' id='word_1_131' title='bbox 1235 1986 1244 2018; x_wconf 89' lang='lat'>,</span> <span class='ocrx_word' id='word_1_132' title='bbox 1259 1935 1295 2000; x_wconf 90' lang='lat' dir='ltr'>in</span> <span class='ocrx_word' id='word_1_133' title='bbox 1308 1933 1433 1998; x_wconf 84' lang='lat' dir='ltr'>Rubria</span> <span class='ocrx_word' id='word_1_134' title='bbox 1446 1959 1505 1998; x_wconf 77' lang='lat' dir='ltr'>mu</span> <span class='ocrx_word' id='word_1_135' title='bbox 1551 1966 1552 1977; x_wconf 32' lang='lat' dir='ltr'>r</span> 
     </span>
     <span class='ocr_line' id='line_1_15' title="bbox 401 2033 1507 2126; baseline -0.004 -23"><span class='ocrx_word' id='word_1_136' title='bbox 401 2040 523 2124; x_wconf 72' lang='lat' dir='ltr'>uicspci</span> <span class='ocrx_word' id='word_1_137' title='bbox 534 2061 555 2119; x_wconf 88' lang='lat'>1,</span> <span class='ocrx_word' id='word_1_138' title='bbox 568 2043 608 2113; x_wconf 85' lang='lat'>6,</span> <span class='ocrx_word' id='word_1_139' title='bbox 624 2034 658 2098; x_wconf 92' lang='lat' dir='ltr'>in</span> <span class='ocrx_word' id='word_1_140' title='bbox 672 2034 754 2098; x_wconf 82' lang='lat' dir='ltr'>Iulia</span> <span class='ocrx_word' id='word_1_141' title='bbox 768 2033 951 2117; x_wconf 80' lang='lat' dir='ltr'>municipali</span> <span class='ocrx_word' id='word_1_142' title='bbox 973 2041 1131 2126; x_wconf 80' lang='lat' dir='ltr'>municipi</span> <span class='ocrx_word' id='word_1_143' title='bbox 1145 2044 1205 2107; x_wconf 88' lang='grc'>149</span> <span class='ocrx_word' id='word_1_144' title='bbox 1223 2040 1283 2106; x_wconf 78' lang='grc'><strong>152</strong></span> <span class='ocrx_word' id='word_1_145' title='bbox 1302 2041 1365 2104; x_wconf 83' lang='grc'><strong>154</strong></span> <span class='ocrx_word' id='word_1_146' title='bbox 1382 2036 1507 2120; x_wconf 80' lang='lat' dir='ltr'>159,in</span> 
     </span>
     <span class='ocr_line' id='line_1_16' title="bbox 402 2134 1506 2221; baseline -0.003 -17"><span class='ocrx_word' id='word_1_147' title='bbox 402 2139 475 2221; x_wconf 88' lang='lat' dir='ltr'>lege</span> <span class='ocrx_word' id='word_1_148' title='bbox 501 2138 702 2202; x_wconf 87' lang='lat' dir='ltr'>fontanorum</span> <span class='ocrx_word' id='word_1_149' title='bbox 727 2134 813 2219; x_wconf 90' lang='lat' dir='ltr'>apud</span> <span class='ocrx_word' id='word_1_150' title='bbox 839 2135 996 2200; x_wconf 91' lang='lat' dir='ltr'>Marinum</span> <span class='ocrx_word' id='word_1_151' title='bbox 1022 2138 1056 2202; x_wconf 92' lang='lat' dir='ltr'>in</span> <span class='ocrx_word' id='word_1_152' title='bbox 1078 2139 1249 2205; x_wconf 86' lang='lat' dir='ltr'>Arvalibus</span> <span class='ocrx_word' id='word_1_153' title='bbox 1269 2159 1301 2221; x_wconf 89' lang='lat' dir='ltr'>p.</span> <span class='ocrx_word' id='word_1_154' title='bbox 1319 2143 1361 2206; x_wconf 75' lang='lat'>70</span> <span class='ocrx_word' id='word_1_155' title='bbox 1389 2140 1506 2202; x_wconf 74' lang='lat' dir='ltr'>doiuue</span> 
     </span>
     <span class='ocr_line' id='line_1_17' title="bbox 403 2236 1509 2327; baseline -0.004 -22"><span class='ocrx_word' id='word_1_156' title='bbox 403 2242 527 2327; x_wconf 74' lang='lat' dir='ltr'>couiepi</span> <span class='ocrx_word' id='word_1_157' title='bbox 534 2289 543 2322; x_wconf 84' lang='lat'>,</span> <span class='ocrx_word' id='word_1_158' title='bbox 557 2238 592 2302; x_wconf 91' lang='lat' dir='ltr'>in</span> <span class='ocrx_word' id='word_1_159' title='bbox 613 2237 740 2301; x_wconf 86' lang='lat' dir='ltr'>decreto</span> <span class='ocrx_word' id='word_1_160' title='bbox 755 2236 873 2302; x_wconf 81' lang='lat' dir='ltr'>Pisano</span> <span class='ocrx_word' id='word_1_161' title='bbox 900 2241 1017 2324; x_wconf 81' lang='lat' dir='ltr'>imperi</span> <span class='ocrx_word' id='word_1_162' title='bbox 1028 2262 1049 2323; x_wconf 84' lang='lat'>1,</span> <span class='ocrx_word' id='word_1_163' title='bbox 1062 2245 1103 2318; x_wconf 84' lang='lat'>9,</span> <span class='ocrx_word' id='word_1_164' title='bbox 1119 2243 1188 2307; x_wconf 74' lang='lat' dir='ltr'>Gai·</span> <span class='ocrx_word' id='word_1_165' title='bbox 1201 2255 1228 2307; x_wconf 85' lang='lat' dir='ltr'>ct</span> <span class='ocrx_word' id='word_1_166' title='bbox 1243 2242 1331 2304; x_wconf 86' lang='lat' dir='ltr'>Luci</span> <span class='ocrx_word' id='word_1_167' title='bbox 1337 2261 1359 2316; x_wconf 91' lang='lat'>1,</span> <span class='ocrx_word' id='word_1_168' title='bbox 1372 2243 1416 2308; x_wconf 89' lang='lat'>38</span> <span class='ocrx_word' id='word_1_169' title='bbox 1428 2239 1509 2324; x_wconf 84' lang='lat' dir='ltr'>,flii</span> 
     </span>
     <span class='ocr_line' id='line_1_18' title="bbox 403 2338 1507 2423; baseline -0.001 -19"><span class='ocrx_word' id='word_1_170' title='bbox 403 2364 436 2423; x_wconf 88' lang='lat'>11,</span> <span class='ocrx_word' id='word_1_171' title='bbox 450 2346 467 2409; x_wconf 79' lang='lat'>7</span> <span class='ocrx_word' id='word_1_172' title='bbox 482 2389 489 2403; x_wconf 91' lang='lat'><strong>.</strong></span> <span class='ocrx_word' id='word_1_173' title='bbox 505 2345 538 2403; x_wconf 89' lang='lat' dir='ltr'>at</span> <span class='ocrx_word' id='word_1_174' title='bbox 552 2338 683 2405; x_wconf 91' lang='lat' dir='ltr'>Verrius</span> <span class='ocrx_word' id='word_1_175' title='bbox 697 2338 833 2402; x_wconf 86' lang='lat' dir='ltr'>Flaccus</span> <span class='ocrx_word' id='word_1_176' title='bbox 847 2338 880 2401; x_wconf 93' lang='lat' dir='ltr'>in</span> <span class='ocrx_word' id='word_1_177' title='bbox 895 2339 985 2404; x_wconf 87' lang='lat' dir='ltr'>fastis</span> <span class='ocrx_word' id='word_1_178' title='bbox 999 2340 1215 2407; x_wconf 87' lang='lat' dir='ltr'>Praenestinis</span> <span class='ocrx_word' id='word_1_179' title='bbox 1231 2363 1288 2405; x_wconf 90' lang='lat' dir='ltr'>vm</span> <span class='ocrx_word' id='word_1_180' title='bbox 1302 2341 1334 2404; x_wconf 86' lang='lat' dir='ltr'>k.</span> <span class='ocrx_word' id='word_1_181' title='bbox 1345 2341 1416 2405; x_wconf 83' lang='lat' dir='ltr'>Ian.</span> <span class='ocrx_word' id='word_1_182' title='bbox 1434 2342 1507 2405; x_wconf 82' lang='lat' dir='ltr'>Tar-</span> 
     </span>
     <span class='ocr_line' id='line_1_19' title="bbox 403 2438 1509 2530; baseline -0.001 -23"><span class='ocrx_word' id='word_1_183' title='bbox 403 2444 496 2507; x_wconf 81' lang='lat' dir='ltr'>cilii:</span> <span class='ocrx_word' id='word_1_184' title='bbox 511 2441 544 2505; x_wconf 91' lang='lat' dir='ltr'>in</span> <span class='ocrx_word' id='word_1_185' title='bbox 558 2439 695 2522; x_wconf 85' lang='lat' dir='ltr'>Augusti</span> <span class='ocrx_word' id='word_1_186' title='bbox 717 2460 821 2504; x_wconf 92' lang='lat' dir='ltr'>rerum</span> <span class='ocrx_word' id='word_1_187' title='bbox 843 2438 947 2504; x_wconf 90' lang='lat' dir='ltr'>indice</span> <span class='ocrx_word' id='word_1_188' title='bbox 963 2442 1061 2506; x_wconf 89' lang='lat' dir='ltr'>semel</span> <span class='ocrx_word' id='word_1_189' title='bbox 1076 2446 1224 2530; x_wconf 66' lang='lat' dir='ltr'>cooptari</span> <span class='ocrx_word' id='word_1_190' title='bbox 1231 2467 1276 2522; x_wconf 89' lang='lat' dir='ltr'>m,</span> <span class='ocrx_word' id='word_1_191' title='bbox 1292 2448 1352 2521; x_wconf 88' lang='lat'>10,</span> <span class='ocrx_word' id='word_1_192' title='bbox 1369 2441 1430 2507; x_wconf 88' lang='lat' dir='ltr'>sed</span> <span class='ocrx_word' id='word_1_193' title='bbox 1445 2461 1509 2507; x_wconf 72' lang='lat' dir='ltr'>sae</span> 
     </span>
     <span class='ocr_line' id='line_1_20' title="bbox 402 2541 1510 2632; baseline 0.002 -25"><span class='ocrx_word' id='word_1_194' title='bbox 402 2543 476 2626; x_wconf 88' lang='lat' dir='ltr'>pius</span> <span class='ocrx_word' id='word_1_195' title='bbox 490 2542 553 2607; x_wconf 83' lang='lat' dir='ltr'>alio</span> <span class='ocrx_word' id='word_1_196' title='bbox 570 2541 686 2620; x_wconf 89' lang='lat' dir='ltr'>modo,</span> <span class='ocrx_word' id='word_1_197' title='bbox 703 2541 1122 2622; x_wconf 74' lang='lat' dir='ltr'>dia2·1ul11v,224v1,32,</span> <span class='ocrx_word' id='word_1_198' title='bbox 1139 2547 1262 2632; x_wconf 73' lang='lat' dir='ltr'>colico]</span> <span class='ocrx_word' id='word_1_199' title='bbox 1270 2567 1313 2628; x_wconf 80' lang='lat' dir='ltr'>w,</span> <span class='ocrx_word' id='word_1_200' title='bbox 1327 2549 1368 2612; x_wconf 76' lang='lat'>37</span> <span class='ocrx_word' id='word_1_201' title='bbox 1383 2594 1392 2622; x_wconf 91' lang='lat'>‚</span> <span class='ocrx_word' id='word_1_202' title='bbox 1401 2546 1510 2631; x_wconf 80' lang='lat' dir='ltr'>procli</span> 
     </span>
     <span class='ocr_line' id='line_1_21' title="bbox 402 2642 1510 2725; baseline 0.003 -17"><span class='ocrx_word' id='word_1_203' title='bbox 402 2667 446 2723; x_wconf 89' lang='lat' dir='ltr'>rv,</span> <span class='ocrx_word' id='word_1_204' title='bbox 460 2650 523 2721; x_wconf 85' lang='lat'>43,</span> <span class='ocrx_word' id='word_1_205' title='bbox 540 2643 656 2725; x_wconf 87' lang='lat' dir='ltr'>quibus</span> <span class='ocrx_word' id='word_1_206' title='bbox 678 2646 694 2708; x_wconf 81' lang='lat' dir='ltr'>i</span> <span class='ocrx_word' id='word_1_207' title='bbox 713 2642 806 2707; x_wconf 88' lang='lat' dir='ltr'>binas</span> <span class='ocrx_word' id='word_1_208' title='bbox 828 2642 1001 2723; x_wconf 87' lang='lat' dir='ltr'>significari</span> <span class='ocrx_word' id='word_1_209' title='bbox 1022 2643 1102 2710; x_wconf 89' lang='lat' dir='ltr'>haec</span> <span class='ocrx_word' id='word_1_210' title='bbox 1117 2645 1253 2725; x_wconf 90' lang='lat' dir='ltr'>docent,</span> <span class='ocrx_word' id='word_1_211' title='bbox 1269 2649 1348 2712; x_wconf 78' lang='lat' dir='ltr'>curi</span> <span class='ocrx_word' id='word_1_212' title='bbox 1359 2649 1510 2712; x_wconf 77' lang='lat' dir='ltr'>coronari</span> 
     </span>
     <span class='ocr_line' id='line_1_22' title="bbox 403 2747 1510 2831; baseline 0.002 -21"><span class='ocrx_word' id='word_1_213' title='bbox 403 2770 447 2826; x_wconf 88' lang='lat' dir='ltr'>rv,</span> <span class='ocrx_word' id='word_1_214' title='bbox 460 2750 522 2823; x_wconf 82' lang='lat'>26,</span> <span class='ocrx_word' id='word_1_215' title='bbox 538 2747 623 2811; x_wconf 80' lang='lat' dir='ltr'>Iocis</span> <span class='ocrx_word' id='word_1_216' title='bbox 640 2747 773 2810; x_wconf 79' lang='lat' dir='ltr'>Feretrl</span> <span class='ocrx_word' id='word_1_217' title='bbox 781 2766 824 2821; x_wconf 93' lang='lat' dir='ltr'>1v,</span> <span class='ocrx_word' id='word_1_218' title='bbox 837 2753 857 2812; x_wconf 76' lang='lat' dir='ltr'>n</span> <span class='ocrx_word' id='word_1_219' title='bbox 872 2767 915 2822; x_wconf 85' lang='lat' dir='ltr'>vr,</span> <span class='ocrx_word' id='word_1_220' title='bbox 928 2751 968 2811; x_wconf 84' lang='grc'><strong>31</strong></span> <span class='ocrx_word' id='word_1_221' title='bbox 983 2793 990 2807; x_wconf 94' lang='grc'><strong>.</strong></span> <span class='ocrx_word' id='word_1_222' title='bbox 1006 2747 1120 2828; x_wconf 89' lang='lat' dir='ltr'>nequis</span> <span class='ocrx_word' id='word_1_223' title='bbox 1135 2753 1241 2812; x_wconf 87' lang='lat' dir='ltr'>autem</span> <span class='ocrx_word' id='word_1_224' title='bbox 1256 2747 1429 2831; x_wconf 84' lang='lat' dir='ltr'>pinguiore</span> <span class='ocrx_word' id='word_1_225' title='bbox 1443 2752 1459 2814; x_wconf 80' lang='lat' dir='ltr'>i</span> <span class='ocrx_word' id='word_1_226' title='bbox 1466 2748 1510 2812; x_wconf 84' lang='lat' dir='ltr'>lit</span> 
     </span>
     <span class='ocr_line' id='line_1_23' title="bbox 404 2845 1510 2934; baseline 0.002 -21"><span class='ocrx_word' id='word_1_227' title='bbox 404 2853 491 2913; x_wconf 90' lang='lat' dir='ltr'>terae</span> <span class='ocrx_word' id='word_1_228' title='bbox 504 2867 583 2912; x_wconf 90' lang='lat' dir='ltr'>sono</span> <span class='ocrx_word' id='word_1_229' title='bbox 595 2847 942 2933; x_wconf 67' lang='lat' dir='ltr'>collegjproeljcouubj</span> <span class='ocrx_word' id='word_1_230' title='bbox 956 2845 1123 2930; x_wconf 88' lang='lat' dir='ltr'>trisyllaba</span> <span class='ocrx_word' id='word_1_231' title='bbox 1140 2848 1276 2914; x_wconf 88' lang='lat' dir='ltr'>dicenda</span> <span class='ocrx_word' id='word_1_232' title='bbox 1291 2855 1403 2932; x_wconf 88' lang='lat' dir='ltr'>putet,</span> <span class='ocrx_word' id='word_1_233' title='bbox 1420 2870 1510 2934; x_wconf 88' lang='lat' dir='ltr'>quern</span> 
     </span>
     <span class='ocr_line' id='line_1_24' title="bbox 404 2947 1513 3034; baseline -0.001 -19"><span class='ocrx_word' id='word_1_234' title='bbox 404 2947 577 3015; x_wconf 83' lang='lat' dir='ltr'>admodum</span> <span class='ocrx_word' id='word_1_235' title='bbox 594 2965 670 3012; x_wconf 91' lang='lat' dir='ltr'>sane</span> <span class='ocrx_word' id='word_1_236' title='bbox 686 2948 815 3012; x_wconf 74' lang='lat' dir='ltr'>conubio</span> <span class='ocrx_word' id='word_1_237' title='bbox 831 2949 996 3012; x_wconf 76' lang='lat' dir='ltr'>conubium</span> <span class='ocrx_word' id='word_1_238' title='bbox 1008 2952 1140 3014; x_wconf 76' lang='lat' dir='ltr'>conubia</span> <span class='ocrx_word' id='word_1_239' title='bbox 1155 2950 1303 3016; x_wconf 82' lang='lat' dir='ltr'>dixemnt</span> <span class='ocrx_word' id='word_1_240' title='bbox 1317 2956 1445 3016; x_wconf 85' lang='lat' dir='ltr'>veteres</span> <span class='ocrx_word' id='word_1_241' title='bbox 1458 2971 1513 3034; x_wconf 92' lang='lat' dir='ltr'>per</span> 
     </span>
     <span class='ocr_line' id='line_1_25' title="bbox 404 3046 1511 3138; baseline 0.001 -23"><span class='ocrx_word' id='word_1_242' title='bbox 404 3053 421 3115; x_wconf 81' lang='lat' dir='ltr'>i</span> <span class='ocrx_word' id='word_1_243' title='bbox 440 3055 686 3128; x_wconf 87' lang='lat' dir='ltr'>consonantem,</span> <span class='ocrx_word' id='word_1_244' title='bbox 703 3046 744 3111; x_wconf 88' lang='lat' dir='ltr'>ad</span> <span class='ocrx_word' id='word_1_245' title='bbox 768 3066 838 3112; x_wconf 90' lang='lat' dir='ltr'>eam</span> <span class='ocrx_word' id='word_1_246' title='bbox 861 3048 1015 3114; x_wconf 88' lang='lat' dir='ltr'>rationem</span> <span class='ocrx_word' id='word_1_247' title='bbox 1037 3054 1152 3138; x_wconf 71' lang='lat' dir='ltr'>concilj</span> <span class='ocrx_word' id='word_1_248' title='bbox 1169 3052 1275 3117; x_wconf 89' lang='lat' dir='ltr'>media</span> <span class='ocrx_word' id='word_1_249' title='bbox 1296 3053 1398 3136; x_wconf 84' lang='lat' dir='ltr'>longa</span> <span class='ocrx_word' id='word_1_250' title='bbox 1412 3052 1511 3118; x_wconf 90' lang='lat' dir='ltr'>foret:</span> 
     </span>
     <span class='ocr_line' id='line_1_26' title="bbox 405 3149 1514 3232; baseline 0.002 -16"><span class='ocrx_word' id='word_1_251' title='bbox 405 3171 445 3216; x_wconf 89' lang='lat' dir='ltr'>ea</span> <span class='ocrx_word' id='word_1_252' title='bbox 466 3170 543 3215; x_wconf 85' lang='lat' dir='ltr'>vero</span> <span class='ocrx_word' id='word_1_253' title='bbox 566 3168 692 3232; x_wconf 88' lang='lat' dir='ltr'>semper</span> <span class='ocrx_word' id='word_1_254' title='bbox 714 3149 945 3232; x_wconf 90' lang='lat' dir='ltr'>corripitur,et</span> <span class='ocrx_word' id='word_1_255' title='bbox 966 3158 1098 3217; x_wconf 89' lang='lat' dir='ltr'>accentu</span> <span class='ocrx_word' id='word_1_256' title='bbox 1113 3153 1182 3217; x_wconf 91' lang='lat' dir='ltr'>solo</span> <span class='ocrx_word' id='word_1_257' title='bbox 1204 3155 1316 3220; x_wconf 76' lang='lat' dir='ltr'>Valeri</span> <span class='ocrx_word' id='word_1_258' title='bbox 1331 3154 1471 3220; x_wconf 85' lang='lat' dir='ltr'>vocandi</span> <span class='ocrx_word' id='word_1_259' title='bbox 1485 3161 1514 3220; x_wconf 92' lang='lat' dir='ltr'>et</span> 
     </span>
     <span class='ocr_line' id='line_1_27' title="bbox 405 3250 1513 3339; baseline 0.005 -24"><span class='ocrx_word' id='word_1_260' title='bbox 405 3251 559 3335; x_wconf 91' lang='lat' dir='ltr'>gignendi</span> <span class='ocrx_word' id='word_1_261' title='bbox 585 3269 679 3316; x_wconf 92' lang='lat' dir='ltr'>casus</span> <span class='ocrx_word' id='word_1_262' title='bbox 708 3250 870 3314; x_wconf 89' lang='lat' dir='ltr'>distabant</span> <span class='ocrx_word' id='word_1_263' title='bbox 895 3252 1028 3333; x_wconf 91' lang='lat' dir='ltr'>Nigidio</span> <span class='ocrx_word' id='word_1_264' title='bbox 1063 3253 1137 3339; x_wconf 88' lang='lat' dir='ltr'>(sed</span> <span class='ocrx_word' id='word_1_265' title='bbox 1164 3254 1287 3320; x_wconf 82' lang='lat' dir='ltr'>Gellius</span> <span class='ocrx_word' id='word_1_266' title='bbox 1316 3256 1351 3320; x_wconf 91' lang='lat' dir='ltr'>in</span> <span class='ocrx_word' id='word_1_267' title='bbox 1381 3262 1513 3339; x_wconf 89' lang='lat' dir='ltr'>utroque</span> 
     </span>
     <span class='ocr_line' id='line_1_28' title="bbox 406 3351 1513 3446; baseline 0.008 -30"><span class='ocrx_word' id='word_1_268' title='bbox 406 3353 543 3417; x_wconf 88' lang='lat' dir='ltr'>mediam</span> <span class='ocrx_word' id='word_1_269' title='bbox 559 3351 716 3435; x_wconf 88' lang='lat' dir='ltr'>syllabam</span> <span class='ocrx_word' id='word_1_270' title='bbox 732 3351 886 3437; x_wconf 88' lang='lat' dir='ltr'>acuebat,</span> <span class='ocrx_word' id='word_1_271' title='bbox 903 3377 970 3436; x_wconf 81' lang='lat' dir='ltr'>xur,</span> <span class='ocrx_word' id='word_1_272' title='bbox 983 3354 1039 3439; x_wconf 73' lang='lat'>25)</span> <span class='ocrx_word' id='word_1_273' title='bbox 1053 3406 1060 3431; x_wconf 90' lang='lat'>‚</span> <span class='ocrx_word' id='word_1_274' title='bbox 1076 3355 1153 3420; x_wconf 92' lang='lat' dir='ltr'>item</span> <span class='ocrx_word' id='word_1_275' title='bbox 1165 3356 1326 3439; x_wconf 88' lang='lat' dir='ltr'>Vergilius</span> <span class='ocrx_word' id='word_1_276' title='bbox 1340 3359 1435 3424; x_wconf 82' lang='lat' dir='ltr'>Coeli</span> <span class='ocrx_word' id='word_1_277' title='bbox 1446 3385 1513 3446; x_wconf 73' lang='lat' dir='ltr'>opo·</span> 
     </span>
     <span class='ocr_line' id='line_1_29' title="bbox 406 3453 1514 3538; baseline 0.005 -20"><span class='ocrx_word' id='word_1_278' title='bbox 406 3457 484 3518; x_wconf 86' lang='lat' dir='ltr'>tium</span> <span class='ocrx_word' id='word_1_279' title='bbox 505 3453 539 3516; x_wconf 91' lang='lat' dir='ltr'>in</span> <span class='ocrx_word' id='word_1_280' title='bbox 555 3453 612 3517; x_wconf 85' lang='lat' dir='ltr'>ecl.</span> <span class='ocrx_word' id='word_1_281' title='bbox 629 3475 674 3535; x_wconf 92' lang='lat'>111,</span> <span class='ocrx_word' id='word_1_282' title='bbox 695 3458 756 3520; x_wconf 75' lang='lat'>105</span> <span class='ocrx_word' id='word_1_283' title='bbox 771 3473 836 3517; x_wconf 89' lang='lat' dir='ltr'>non</span> <span class='ocrx_word' id='word_1_284' title='bbox 851 3456 914 3519; x_wconf 85' lang='lat' dir='ltr'>alio</span> <span class='ocrx_word' id='word_1_285' title='bbox 938 3476 1016 3520; x_wconf 87' lang='lat' dir='ltr'>sono</span> <span class='ocrx_word' id='word_1_286' title='bbox 1032 3456 1163 3538; x_wconf 83' lang='lat' dir='ltr'>protulit</span> <span class='ocrx_word' id='word_1_287' title='bbox 1177 3477 1272 3538; x_wconf 88' lang='lat' dir='ltr'>quam</span> <span class='ocrx_word' id='word_1_288' title='bbox 1288 3459 1317 3524; x_wconf 82' lang='lat' dir='ltr'>si</span> <span class='ocrx_word' id='word_1_289' title='bbox 1331 3463 1456 3526; x_wconf 84' lang='lat' dir='ltr'>coelum</span> <span class='ocrx_word' id='word_1_290' title='bbox 1470 3460 1514 3525; x_wconf 89' lang='lat' dir='ltr'>di-</span> 
     </span>
     <span class='ocr_line' id='line_1_30' title="bbox 407 3553 1513 3645; baseline 0.007 -25"><span class='ocrx_word' id='word_1_291' title='bbox 407 3573 480 3620; x_wconf 91' lang='lat' dir='ltr'>cere</span> <span class='ocrx_word' id='word_1_292' title='bbox 503 3553 677 3631; x_wconf 88' lang='lat' dir='ltr'>voluisset,</span> <span class='ocrx_word' id='word_1_293' title='bbox 694 3556 794 3620; x_wconf 88' lang='lat' dir='ltr'>Varro</span> <span class='ocrx_word' id='word_1_294' title='bbox 810 3557 938 3622; x_wconf 79' lang='lat' dir='ltr'>Plautii</span> <span class='ocrx_word' id='word_1_295' title='bbox 948 3576 1065 3621; x_wconf 88' lang='lat' dir='ltr'>nomen</span> <span class='ocrx_word' id='word_1_296' title='bbox 1086 3577 1151 3621; x_wconf 92' lang='lat' dir='ltr'>non</span> <span class='ocrx_word' id='word_1_297' title='bbox 1170 3559 1262 3624; x_wconf 87' lang='lat' dir='ltr'>aliter</span> <span class='ocrx_word' id='word_1_298' title='bbox 1276 3559 1408 3626; x_wconf 84' lang='lat' dir='ltr'>dicebat</span> <span class='ocrx_word' id='word_1_299' title='bbox 1423 3584 1513 3645; x_wconf 86' lang='lat' dir='ltr'>quam</span> 
     </span>
     <span class='ocr_line' id='line_1_31' title="bbox 405 3656 1514 3749; baseline 0.006 -28"><span class='ocrx_word' id='word_1_300' title='bbox 405 3657 536 3722; x_wconf 80' lang='lat' dir='ltr'>Plauti.</span> <span class='ocrx_word' id='word_1_301' title='bbox 551 3656 640 3749; x_wconf 81' lang='lat' dir='ltr'>hunc</span> <span class='ocrx_word' id='word_1_302' title='bbox 657 3656 740 3720; x_wconf 89' lang='lat' dir='ltr'>enim</span> <span class='ocrx_word' id='word_1_303' title='bbox 764 3657 803 3722; x_wconf 92' lang='lat' dir='ltr'>dc</span> <span class='ocrx_word' id='word_1_304' title='bbox 824 3659 935 3741; x_wconf 88' lang='lat' dir='ltr'>lingua</span> <span class='ocrx_word' id='word_1_305' title='bbox 950 3660 1065 3725; x_wconf 87' lang='lat' dir='ltr'>Latina</span> <span class='ocrx_word' id='word_1_306' title='bbox 1088 3682 1144 3722; x_wconf 87' lang='lat' dir='ltr'>vm</span> <span class='ocrx_word' id='word_1_307' title='bbox 1159 3681 1189 3743; x_wconf 91' lang='lat' dir='ltr'>p.</span> <span class='ocrx_word' id='word_1_308' title='bbox 1202 3666 1265 3729; x_wconf 86' lang='grc'><strong>419</strong></span> <span class='ocrx_word' id='word_1_309' title='bbox 1280 3661 1325 3726; x_wconf 89' lang='lat' dir='ltr'>ita</span> <span class='ocrx_word' id='word_1_310' title='bbox 1346 3663 1514 3749; x_wconf 88' lang='lat' dir='ltr'>scripsisse</span> 
     </span>
     <span class='ocr_line' id='line_1_32' title="bbox 405 3757 1514 3849; baseline 0.01 -28"><span class='ocrx_word' id='word_1_311' title='bbox 405 3763 481 3840; x_wconf 92' lang='lat' dir='ltr'>puto</span> <span class='ocrx_word' id='word_1_312' title='bbox 505 3763 593 3840; x_wconf 81' lang='lat' dir='ltr'>(nam</span> <span class='ocrx_word' id='word_1_313' title='bbox 615 3757 777 3822; x_wconf 88' lang='lat' dir='ltr'>Ritschelii</span> <span class='ocrx_word' id='word_1_314' title='bbox 800 3765 830 3823; x_wconf 88' lang='lat' dir='ltr'>et</span> <span class='ocrx_word' id='word_1_315' title='bbox 852 3759 1014 3844; x_wconf 83' lang='lat' dir='ltr'>Spengelii</span> <span class='ocrx_word' id='word_1_316' title='bbox 1037 3762 1231 3848; x_wconf 85' lang='lat' dir='ltr'>sentcntiae,</span> <span class='ocrx_word' id='word_1_317' title='bbox 1248 3783 1333 3844; x_wconf 88' lang='lat' dir='ltr'>quae</span> <span class='ocrx_word' id='word_1_318' title='bbox 1352 3767 1514 3849; x_wconf 77' lang='lat' dir='ltr'>expositae</span> 
     </span>
     <span class='ocr_line' id='line_1_33' title="bbox 407 3857 1528 3951; baseline 0.011 -29"><span class='ocrx_word' id='word_1_319' title='bbox 407 3864 480 3923; x_wconf 88' lang='lat' dir='ltr'>sunt</span> <span class='ocrx_word' id='word_1_320' title='bbox 494 3857 527 3922; x_wconf 93' lang='lat' dir='ltr'>in</span> <span class='ocrx_word' id='word_1_321' title='bbox 541 3859 690 3941; x_wconf 90' lang='lat' dir='ltr'>Parergis</span> <span class='ocrx_word' id='word_1_322' title='bbox 705 3860 862 3926; x_wconf 91' lang='lat' dir='ltr'>Plautinis</span> <span class='ocrx_word' id='word_1_323' title='bbox 876 3883 908 3945; x_wconf 83' lang='lat' dir='ltr'>p.</span> <span class='ocrx_word' id='word_1_324' title='bbox 921 3866 962 3931; x_wconf 68' lang='lat'>25&gt;</span> <span class='ocrx_word' id='word_1_325' title='bbox 975 3913 983 3944; x_wconf 91' lang='lat'>,</span> <span class='ocrx_word' id='word_1_326' title='bbox 1001 3862 1076 3926; x_wconf 93' lang='lat' dir='ltr'>mihi</span> <span class='ocrx_word' id='word_1_327' title='bbox 1091 3883 1156 3927; x_wconf 91' lang='lat' dir='ltr'>non</span> <span class='ocrx_word' id='word_1_328' title='bbox 1175 3865 1253 3929; x_wconf 90' lang='lat' dir='ltr'>satis</span> <span class='ocrx_word' id='word_1_329' title='bbox 1267 3864 1425 3951; x_wconf 89' lang='lat' dir='ltr'>faciunt),</span> <span class='ocrx_word' id='word_1_330' title='bbox 1442 3869 1528 3933; x_wconf 72' lang='lat' dir='ltr'>Dia-</span> 
     </span>
     <span class='ocr_line' id='line_1_34' title="bbox 406 3961 1514 4052; baseline 0.008 -28"><span class='ocrx_word' id='word_1_331' title='bbox 406 3962 509 4025; x_wconf 80' lang='lat' dir='ltr'>simil‘</span> <span class='ocrx_word' id='word_1_332' title='bbox 538 3961 754 4044; x_wconf 76' lang='lat' dir='ltr'>(Florentium</span> <span class='ocrx_word' id='word_1_333' title='bbox 765 3963 935 4052; x_wconf 67' lang='lat' dir='ltr'>diasimiic)</span> <span class='ocrx_word' id='word_1_334' title='bbox 947 3967 1085 4030; x_wconf 83' lang='lat' dir='ltr'>Plautus</span> <span class='ocrx_word' id='word_1_335' title='bbox 1097 3981 1125 4030; x_wconf 85' lang='lat' dir='ltr'>ct</span> <span class='ocrx_word' id='word_1_336' title='bbox 1136 3967 1283 4031; x_wconf 73' lang='lat' dir='ltr'>Plautius</span> <span class='ocrx_word' id='word_1_337' title='bbox 1294 4017 1303 4050; x_wconf 84' lang='lat'>,</span> <span class='ocrx_word' id='word_1_338' title='bbox 1316 3981 1345 4032; x_wconf 84' lang='lat' dir='ltr'>et</span> <span class='ocrx_word' id='word_1_339' title='bbox 1356 3993 1514 4033; x_wconf 82' lang='lat' dir='ltr'>commuue</span> 
     </span>
     <span class='ocr_line' id='line_1_35' title="bbox 406 4061 1514 4152; baseline 0.007 -28"><span class='ocrx_word' id='word_1_340' title='bbox 406 4063 451 4124; x_wconf 87' lang='lat' dir='ltr'>M.</span> <span class='ocrx_word' id='word_1_341' title='bbox 475 4062 573 4144; x_wconf 74' lang='lat' dir='ltr'>(Elor.</span> <span class='ocrx_word' id='word_1_342' title='bbox 591 4061 638 4146; x_wconf 87' lang='lat' dir='ltr'>ut)</span> <span class='ocrx_word' id='word_1_343' title='bbox 661 4064 755 4128; x_wconf 77' lang='lat' dir='ltr'>huius</span> <span class='ocrx_word' id='word_1_344' title='bbox 772 4065 887 4130; x_wconf 84' lang='lat' dir='ltr'>Plauti</span> <span class='ocrx_word' id='word_1_345' title='bbox 906 4081 934 4130; x_wconf 86' lang='lat' dir='ltr'>et</span> <span class='ocrx_word' id='word_1_346' title='bbox 950 4069 1058 4131; x_wconf 84' lang='lat' dir='ltr'>Macci</span> <span class='ocrx_word' id='word_1_347' title='bbox 1071 4068 1111 4149; x_wconf 84' lang='lat' dir='ltr'>(F</span> <span class='ocrx_word' id='word_1_348' title='bbox 1112 4067 1169 4131; x_wconf 85' lang='lat' dir='ltr'>lor.</span> <span class='ocrx_word' id='word_1_349' title='bbox 1188 4066 1309 4152; x_wconf 84' lang='lat' dir='ltr'>marci)</span> <span class='ocrx_word' id='word_1_350' title='bbox 1321 4089 1330 4151; x_wconf 88' lang='lat'>;</span> <span class='ocrx_word' id='word_1_351' title='bbox 1343 4067 1408 4133; x_wconf 81' lang='lat' dir='ltr'>nisi</span> <span class='ocrx_word' id='word_1_352' title='bbox 1431 4067 1514 4152; x_wconf 86' lang='lat' dir='ltr'>quod</span> 
     </span>
     <span class='ocr_line' id='line_1_36' title="bbox 406 4162 1514 4248; baseline 0.009 -23"><span class='ocrx_word' id='word_1_353' title='bbox 406 4162 487 4225; x_wconf 77' lang='lat' dir='ltr'>huuc</span> <span class='ocrx_word' id='word_1_354' title='bbox 509 4164 672 4227; x_wconf 79' lang='lat' dir='ltr'>Plautium</span> <span class='ocrx_word' id='word_1_355' title='bbox 696 4164 757 4248; x_wconf 84' lang='lat' dir='ltr'>(sic</span> <span class='ocrx_word' id='word_1_356' title='bbox 771 4166 854 4231; x_wconf 88' lang='lat' dir='ltr'>enim</span> <span class='ocrx_word' id='word_1_357' title='bbox 876 4166 990 4231; x_wconf 84' lang='lat' dir='ltr'>iterum</span> <span class='ocrx_word' id='word_1_358' title='bbox 1014 4166 1128 4233; x_wconf 84' lang='lat' dir='ltr'>dieitur</span> <span class='ocrx_word' id='word_1_359' title='bbox 1149 4188 1254 4233; x_wconf 88' lang='lat' dir='ltr'>rerum</span> <span class='ocrx_word' id='word_1_360' title='bbox 1276 4169 1470 4235; x_wconf 79' lang='lat' dir='ltr'>rusticarum</span> <span class='ocrx_word' id='word_1_361' title='bbox 1482 4193 1514 4248; x_wconf 88' lang='lat'>11,</span> 
     </span>
     <span class='ocr_line' id='line_1_37' title="bbox 406 4261 1513 4355; baseline 0.005 -26"><span class='ocrx_word' id='word_1_362' title='bbox 406 4269 436 4342; x_wconf 74' lang='grc' dir='ltr'>Ξ),</span> <span class='ocrx_word' id='word_1_363' title='bbox 449 4261 483 4342; x_wconf 88' lang='lat'>5)</span> <span class='ocrx_word' id='word_1_364' title='bbox 507 4264 643 4346; x_wconf 86' lang='lat' dir='ltr'>exempli</span> <span class='ocrx_word' id='word_1_365' title='bbox 666 4283 763 4330; x_wconf 87' lang='lat' dir='ltr'>causa</span> <span class='ocrx_word' id='word_1_366' title='bbox 777 4269 823 4330; x_wconf 92' lang='lat' dir='ltr'>M.</span> <span class='ocrx_word' id='word_1_367' title='bbox 841 4266 921 4347; x_wconf 84' lang='lat' dir='ltr'>feci,</span> <span class='ocrx_word' id='word_1_368' title='bbox 945 4268 1033 4334; x_wconf 89' lang='lat' dir='ltr'>cuius</span> <span class='ocrx_word' id='word_1_369' title='bbox 1047 4291 1158 4336; x_wconf 91' lang='lat' dir='ltr'>verum</span> <span class='ocrx_word' id='word_1_370' title='bbox 1174 4290 1368 4355; x_wconf 88' lang='lat' dir='ltr'>praenomen</span> <span class='ocrx_word' id='word_1_371' title='bbox 1381 4271 1513 4354; x_wconf 87' lang='lat' dir='ltr'>ignoro:</span> 
     </span>
     <span class='ocr_line' id='line_1_38' title="bbox 405 4361 1514 4455; baseline 0.008 -27"><span class='ocrx_word' id='word_1_372' title='bbox 405 4361 465 4428; x_wconf 90' lang='lat' dir='ltr'>sed</span> <span class='ocrx_word' id='word_1_373' title='bbox 485 4362 582 4445; x_wconf 86' lang='lat' dir='ltr'>paulo</span> <span class='ocrx_word' id='word_1_374' title='bbox 604 4371 739 4448; x_wconf 92' lang='lat' dir='ltr'>post,p.</span> <span class='ocrx_word' id='word_1_375' title='bbox 752 4372 816 4434; x_wconf 80' lang='grc'>424</span> <span class='ocrx_word' id='word_1_376' title='bbox 828 4419 836 4445; x_wconf 90' lang='grc'>,</span> <span class='ocrx_word' id='word_1_377' title='bbox 848 4369 903 4433; x_wconf 90' lang='lat' dir='ltr'>ubi</span> <span class='ocrx_word' id='word_1_378' title='bbox 922 4372 1123 4455; x_wconf 89' lang='lat' dir='ltr'>perspicuum</span> <span class='ocrx_word' id='word_1_379' title='bbox 1145 4380 1193 4439; x_wconf 91' lang='lat' dir='ltr'>est</span> <span class='ocrx_word' id='word_1_380' title='bbox 1216 4373 1424 4440; x_wconf 90' lang='lat' dir='ltr'>scribendum</span> <span class='ocrx_word' id='word_1_381' title='bbox 1447 4394 1514 4440; x_wconf 88' lang='lat' dir='ltr'>esse</span> 
     </span>
     <span class='ocr_line' id='line_1_39' title="bbox 405 4471 1513 4561; baseline 0.015 -34"><span class='ocrx_word' id='word_1_382' title='bbox 405 4489 488 4528; x_wconf 80' lang='lat' dir='ltr'>uuae</span> <span class='ocrx_word' id='word_1_383' title='bbox 497 4488 614 4549; x_wconf 84' lang='lat' dir='ltr'>ponam</span> <span class='ocrx_word' id='word_1_384' title='bbox 622 4471 820 4550; x_wconf 67' lang='lat' dir='ltr'>pottissimum</span> <span class='ocrx_word' id='word_1_385' title='bbox 832 4495 900 4536; x_wconf 83' lang='lat' dir='ltr'>cam</span> <span class='ocrx_word' id='word_1_386' title='bbox 912 4471 1010 4557; x_wconf 84' lang='lat' dir='ltr'>(Flor.</span> <span class='ocrx_word' id='word_1_387' title='bbox 1018 4474 1097 4560; x_wconf 84' lang='lat' dir='ltr'>iam)</span> <span class='ocrx_word' id='word_1_388' title='bbox 1111 4502 1175 4561; x_wconf 83' lang='lat' dir='ltr'>quc</span> <span class='ocrx_word' id='word_1_389' title='bbox 1187 4476 1344 4542; x_wconf 73' lang='lat' dir='ltr'>dividitur·</span> <span class='ocrx_word' id='word_1_390' title='bbox 1355 4481 1461 4544; x_wconf 66' lang='lat' dir='ltr'>oraton</span> <span class='ocrx_word' id='word_1_391' title='bbox 1471 4503 1513 4544; x_wconf 84' lang='lat' dir='ltr'>sc·</span> 
     </span>
     <span class='ocr_line' id='line_1_40' title="bbox 406 4564 1513 4659; baseline 0.014 -29"><span class='ocrx_word' id='word_1_392' title='bbox 406 4564 543 4630; x_wconf 79' lang='lat' dir='ltr'>cundum</span> <span class='ocrx_word' id='word_1_393' title='bbox 560 4580 708 4632; x_wconf 77' lang='lat' dir='ltr'>acturam</span> <span class='ocrx_word' id='word_1_394' title='bbox 727 4572 761 4634; x_wconf 85' lang='lat' dir='ltr'>iu</span> <span class='ocrx_word' id='word_1_395' title='bbox 777 4584 925 4656; x_wconf 80' lang='lat' dir='ltr'>quattuor</span> <span class='ocrx_word' id='word_1_396' title='bbox 933 4578 1063 4659; x_wconf 79' lang='lat' dir='ltr'>partis,</span> <span class='ocrx_word' id='word_1_397' title='bbox 1079 4575 1124 4640; x_wconf 91' lang='lat' dir='ltr'>ibi</span> <span class='ocrx_word' id='word_1_398' title='bbox 1141 4576 1175 4640; x_wconf 91' lang='lat' dir='ltr'>in</span> <span class='ocrx_word' id='word_1_399' title='bbox 1193 4577 1380 4644; x_wconf 84' lang='lat' dir='ltr'>Florentino</span> <span class='ocrx_word' id='word_1_400' title='bbox 1401 4585 1453 4645; x_wconf 83' lang='lat' dir='ltr'>est</span> <span class='ocrx_word' id='word_1_401' title='bbox 1472 4605 1513 4646; x_wconf 84' lang='lat' dir='ltr'>sc·</span> 
     </span>
    </p>

    <p class='ocr_par' dir='ltr' id='par_1_5' title="bbox 405 4666 1515 4768">
     <span class='ocr_line' id='line_1_41' title="bbox 405 4666 1515 4768; baseline 0.015 -37"><span class='ocrx_word' id='word_1_402' title='bbox 405 4666 511 4733; x_wconf 84' lang='lat' dir='ltr'>cuudc</span> <span class='ocrx_word' id='word_1_403' title='bbox 524 4680 557 4732; x_wconf 86' lang='lat' dir='ltr'>ut</span> <span class='ocrx_word' id='word_1_404' title='bbox 571 4682 738 4756; x_wconf 81' lang='lat' dir='ltr'>acturam,</span> <span class='ocrx_word' id='word_1_405' title='bbox 754 4686 788 4739; x_wconf 88' lang='lat' dir='ltr'>ut</span> <span class='ocrx_word' id='word_1_406' title='bbox 802 4693 861 4759; x_wconf 86' lang='lat' dir='ltr'>pro</span> <span class='ocrx_word' id='word_1_407' title='bbox 876 4699 908 4740; x_wconf 82' lang='lat' dir='ltr'>m</span> <span class='ocrx_word' id='word_1_408' title='bbox 921 4723 928 4738; x_wconf 93' lang='lat'><strong>.</strong></span> <span class='ocrx_word' id='word_1_409' title='bbox 941 4695 1006 4743; x_wconf 88' lang='lat' dir='ltr'>non</span> <span class='ocrx_word' id='word_1_410' title='bbox 1020 4676 1111 4744; x_wconf 80' lang='lat' dir='ltr'>aliur</span> <span class='ocrx_word' id='word_1_411' title='bbox 1126 4684 1233 4747; x_wconf 79' lang='lat' dir='ltr'>autem</span> <span class='ocrx_word' id='word_1_412' title='bbox 1247 4701 1346 4765; x_wconf 84' lang='lat' dir='ltr'>quam</span> <span class='ocrx_word' id='word_1_413' title='bbox 1357 4680 1515 4768; x_wconf 81' lang='lat' dir='ltr'>Vergilius</span> 
     </span>
    </p>
   </div>
   <div class='ocr_carea' id='block_1_5' title="bbox 0 0 1780 5442">
    <p class='ocr_par' dir='ltr' id='par_1_6' title="bbox 0 0 1780 5442">
     <span class='ocr_line' id='line_1_42' title="bbox 0 0 1780 5442; baseline 0 0"><span class='ocrx_word' id='word_1_414' title='bbox 0 0 1780 5442; x_wconf 95' lang='lat' dir='ltr'> </span> 
     </span>
    </p>
   </div>
  </div>
 </body>
</html>
