3509 5442
316 530 379 596 312
856 524 885 588 V

319 718 413 764 casus
429 695 604 762 rectissime
621 694 744 778 positus
767 700 816 759 est
832 717 838 757 :
855 714 929 758 nam
953 696 1038 758 catera·
1049 709 1167 760 terram
1181 693 1350 759 radicatas
1364 696 1425 780 apti

320 806 393 866 sunt
415 805 532 863 terram
554 794 662 879 adepti
684 795 857 872 relocati,
873 796 907 859 in
930 816 994 876 qua
1011 795 1138 861 radices
1161 815 1239 860 suas
1254 800 1421 877 ponerent.

281 912 285 920 '
320 916 428 990 aptam
443 919 482 964 eo
505 898 600 962 modo
623 918 694 965 oum
717 898 906 963 accusativis
924 898 1065 961 iunctum
1079 897 1157 980 Attii
1170 895 1305 961 Pacuvii
1321 894 1423 960 Lucilii

321 1002 467 1069 versibus
482 1000 587 1064 allatis
602 1000 726 1066 Nonius
741 1005 847 1064 tuetur
862 1020 892 1082 p.
906 1003 978 1082 234,
992 1003 1033 1065 22
1047 1050 1054 1076 ‚
1070 999 1179 1081 itaque
1194 1011 1326 1062 mortem
1341 1012 1423 1084 aptas

321 1105 472 1186 Plantae,
489 1102 676 1167 Torrentius
692 1105 832 1166 Deorum
854 1104 951 1165 vitam
974 1104 1046 1186 apti
1056 1126 1185 1165 sumas.
1202 1113 1310 1164 uteros
1333 1113 1423 1164 terrac

323 1208 518 1272 cohaerentes
533 1203 609 1270 dicit
621 1203 816 1269 Censorinus
831 1224 862 1287 p.
879 1206 927 1281 11,
940 1208 980 1285 9,
998 1201 1087 1266 cuius
1097 1201 1196 1267 verba
1208 1199 1334 1266 subieci
1347 1249 1353 1261 .
1368 1201 1424 1264 Nec

324 1310 414 1394 lonpe
425 1332 513 1372 secas
524 1310 686 1393 Epicurus
698 1330 707 1369 :
722 1308 751 1369 r's
763 1308 844 1369 enim
856 1304 991 1369 credidit
1004 1305 1076 1369 limo
1088 1304 1243 1389 calefacto
1253 1315 1360 1366 uteros
1370 1325 1425 1366 nes·

325 1412 372 1475 cio
385 1434 462 1494 qnos
470 1408 632 1472 radicibus
645 1421 746 1472 terrae
754 1407 950 1471 cohaerentes
957 1408 1100 1492 primam
1109 1407 1280 1470 increvisse
1292 1417 1323 1468 et
1333 1403 1426 1487 itcfan·

326 1513 408 1576 tibus
432 1535 471 1575 ccc
492 1534 525 1573 se
540 1509 633 1572 editis
648 1509 821 1594 ingenitam
844 1508 935 1571 lactis
951 1531 1086 1572 amorem
1102 1520 1220 1571 actara
1233 1505 1426 1569 ministrante

319 1607 621 1698 praeterissemus
644 1606 815 1672 Oreechius
838 1614 870 1672 et
892 1607 966 1686 alii,
989 1607 1122 1690 probato
1150 1606 1238 1689 quod
1260 1604 1428 1670 Brixionsis

328 1711 429 1777 editor
451 1718 483 1776 at
503 1709 657 1774 Avantius
672 1708 828 1773 dederant
843 1725 963 1790 terrae,
981 1723 1083 1774 terrae
1102 1709 1266 1774 radicibus
1281 1721 1374 1792 aptos
1392 1706 1429 1769 ita
1449 1735 1454 1743 =

328 1811 554 1877 intellexerunt
577 1810 669 1893 quasi
691 1810 770 1874 uteri
793 1809 839 1874 illi
862 1810 1023 1875 radicibus
1045 1810 1110 1876 suis
1133 1823 1251 1874 eterra
1272 1807 1343 1892 apti
1363 1806 1431 1871 liris

329 1920 419 1991 sent;
441 1912 527 1995 quod
555 1913 659 1996 ipsum
686 1911 843 1975 Antonius
870 1911 961 1975 Marii
990 1918 1022 1976 et
1043 1911 1196 1977 Marullus
1223 1909 1367 1975 voluisse
1392 1908 1431 1972 vi-

330 2015 463 2098 dentur,
481 2035 550 2079 cum
563 2014 756 2096 scripserunt
770 2028 872 2078 terrae
888 2016 922 2077 c'n
933 2014 1095 2078 radicibus
1107 2017 1178 2100 cptc‘
1187 2062 1194 2076 .
1210 2011 1271 2078 sed
1287 2032 1330 2077 eo
1345 2011 1432 2074 modo

330 2115 391 2181 hoc
405 2135 522 2181 nomen
539 2114 625 2197 quod
647 2119 695 2178 est
710 2129 802 2200 aptas
824 2113 922 2179 dandi
938 2135 1046 2180 casum
1061 2113 1219 2179 adiectum
1242 2113 1311 2197 pati
1335 2130 1433 2178 exom-

330 2216 392 2300 plis
421 2216 599 2282 docendum
628 2222 715 2293 erat,
742 2236 806 2279 nou
834 2215 1008 2299 optandum
1036 2216 1299 2299 attingendum.
1325 2213 1434 2278 Wake

330 2316 443 2382 fieldus
460 2319 643 2383 Gresccdant
658 2320 759 2381 aterec'
771 2325 877 2395 terret,
894 2318 1056 2382 radcbc’bas
1076 2321 1164 2403 aptet‘
1171 2368 1180 2400 ‚
1196 2317 1283 2399 quod
1299 2314 1358 2381 ille
1372 2336 1434 2380 aas·

332 2418 487 2483 tissimum
509 2417 605 2496 dicit,
621 2437 683 2500 ego
706 2437 747 2483 ne
770 2418 925 2501 intellego
948 2418 1097 2501 quidem.

417 2524 489 2588 809.
513 2517 617 2595 Quos
655 2542 716 2583 uer
750 2541 920 2585 raucone
958 2542 1109 2585 maruno
1147 2543 1239 2584 rara
1273 2540 1433 2582 racanas

333 2643 469 2684 nasutis
496 2621 706 2684 Iursururu.
732 2623 844 2705 Inepte
871 2619 1026 2685 Marullus
1052 2636 1158 2704 aetas,
1185 2621 1273 2703 quod
1300 2627 1335 2686 et
1363 2619 1435 2686 otio

333 2742 401 2789 sum
430 2728 479 2787 est
506 2741 612 2804 neque
639 2721 680 2785 ad
707 2724 850 2806 proxima
875 2723 968 2788 facit.
994 2722 1197 2787 scribendum
1227 2730 1276 2788 est
1303 2744 1436 2787 nnsrus

333 2824 499 2909 Infantem
511 2874 519 2906 ,
526 2824 663 2910 sapiens
686 2849 822 2890 amorem
845 2851 1004 2910 aaronque
1018 2838 1199 2911 patescens.
1215 2825 1302 2890 hunc
1324 2842 1437 2892 aestum

333 2931 428 3008 poeta
448 2924 544 3009 paulo
568 2931 641 2990 ante
666 2927 800 2990 calorem
824 2926 948 2991 dixerat
969 2946 1064 2992 vorsu
1079 2931 1162 2995 806.

419 3031 491 3095 812.
515 3027 567 3091 Ur
590 3048 729 3091 sucum.
745 3027 902 3092 Antonius
923 3028 1015 3091 Marii
1037 3035 1069 3093 et
1090 3027 1247 3092 Marullus
1268 3029 1342 3093 Er.

420 3115 492 3199 823.
516 3151 637 3199 trouu
652 3150 767 3192 Armua
783 3171 868 3181 —-
884 3150 993 3191 runrr
1010 3130 1114 3193 Oura
1125 3181 1134 3213 ‚
1151 3152 1254 3201 ouon
1274 3154 1313 3194 1rr
1328 3156 1440 3198 unam

334 3253 556 3296 arcanarum
582 3252 770 3293 uourrnus
801 3253 956 3307 passm,
985 3232 1208 3304 damascus
1238 3255 1352 3298 sinor.
1379 3258 1439 3299 vo-

334 3354 497 3397 uucnas.
534 3330 701 3395 Corrector
738 3332 893 3415 oblongi,
921 3333 1078 3397 Antonius
1117 3333 1233 3417 Marii,
1266 3336 1441 3402 Brixiensis

335 3432 456 3509 editio,
483 3434 629 3495 artemas:
656 3432 809 3499 Marullus
835 3441 920 3500 recte
948 3456 1109 3497 aurunt.
1137 3434 1255 3501 deindo
1286 3438 1442 3504 Antonius

335 3540 366 3598 et
388 3531 564 3597 Brixiensis
587 3535 619 3597 t‘n
642 3556 800 3598 uncum.
825 3537 1045 3606 Auarasouu
1067 3536 1188 3619 primus
1209 3538 1388 3606 Marullus.

421 3640 493 3703 833.
538 3633 663 3698 Panno
708 3660 817 3702 aanor
866 3660 1019 3701 onusclr
1067 3661 1110 3700 ur
1159 3661 1441 3706 courcmrrrnus

335 3758 440 3800 nxm.
466 3736 664 3803 Contentc’bas
687 3738 859 3820 quadratus
883 3746 914 3803 et
936 3739 987 3803 hic
1009 3739 1264 3824 etinfra12783
1287 3743 1346 3808 ubi
1368 3742 1442 3826 legi-

334 3844 385 3902 tur
399 3839 501 3903 Porro
524 3840 604 3904 alt'at
624 3842 762 3906 succedit
772 3890 781 3922 7
798 3846 829 3904 et
850 3840 970 3905 ibidem
988 3846 1070 3910 1275
1092 3867 1207 3907 aarum
1232 3847 1268 3908 c'n
1290 3868 1443 3910 summum

335 3942 483 4004 seccessit
510 3942 673 4006 bonorem.
701 3940 752 4005 hic
784 3940 903 4024 aliquis
932 3943 1134 4008 scribendum
1167 3945 1350 4028 suspicetur
1379 3971 1443 4011 sac-

335 4043 471 4104 crescc't:
500 4047 586 4106 certe
612 4045 780 4107 concrescit
806 4043 933 4107 Marulli
960 4045 1134 4109 absurdum
1165 4053 1213 4111 est
1240 4067 1349 4130 neque
1375 4068 1444 4131 pro

335 4140 405 4205 bari
428 4141 556 4206 debuit.
579 4142 636 4208 sed
659 4143 809 4224 quoniam
832 4144 884 4209 hic
912 4166 950 4209 ea
973 4166 1056 4228 quae
1078 4147 1177 4211 altero
1200 4148 1273 4213 loco
1296 4155 1444 4214 secuntur

335 4241 502 4307 subiuncta
529 4264 593 4307 non
625 4251 717 4322 sunt,
740 4244 781 4309 ad
810 4248 999 4312 sententiam
1022 4248 1245 4334 complendam
1269 4253 1379 4334 aptius
1400 4257 1445 4317 est

336 4365 569 4406 cunnusorr.
595 4345 842 4416 sicinfra1456
865 4351 1011 4436 Namque
1031 4351 1103 4416 alid
1123 4377 1162 4417 en
1184 4352 1249 4416 alio
1272 4354 1445 4420 clarescere

335 4447 551 4527 conveniebat,
574 4446 628 4511 ubi
652 4447 826 4529 quadratus
854 4476 1010 4518 crescere.
1033 4476 1053 4515 a
1075 4451 1231 4517 Marullus
1260 4453 1444 4522 addendum

335 4544 433 4610 vidit.

420 4654 492 4718 836.
538 4649 644 4733 Quom
676 4673 835 4734 rorum,
869 4677 1069 4731 unouusr.
1109 4654 1322 4724 Coniunctivo
1357 4660 1444 4727 locus
