<?xml version="1.0" encoding="UTF-8"?>
<!DOCTYPE html PUBLIC "-//W3C//DTD XHTML 1.0 Transitional//EN"
    "http://www.w3.org/TR/xhtml1/DTD/xhtml1-transitional.dtd">
<html xmlns="http://www.w3.org/1999/xhtml" xml:lang="en" lang="en">
 <head>
  <title>
</title>
<meta http-equiv="Content-Type" content="text/html;charset=utf-8" />
  <meta name='ocr-system' content='tesseract 3.04.00' />
  <meta name='ocr-capabilities' content='ocr_page ocr_carea ocr_par ocr_line ocrx_word'/>
</head>
<body>
  <div class='ocr_page' id='page_1' title='image "./carolilachmanni00lachgoog_0100.png"; bbox 0 0 3509 5442; ppageno 0'>
   <div class='ocr_carea' id='block_1_1' title="bbox 306 550 873 626">
    <p class='ocr_par' dir='ltr' id='par_1_1' title="bbox 306 550 873 626">
     <span class='ocr_line' id='line_1_1' title="bbox 306 550 873 626; baseline 0.011 -6"><span class='ocrx_word' id='word_1_1' title='bbox 306 556 349 620; x_wconf 86' lang='grc'><strong>94</strong></span> <span class='ocrx_word' id='word_1_2' title='bbox 748 621 752 626; x_wconf 89' lang='grc'><strong>.</strong></span> <span class='ocrx_word' id='word_1_3' title='bbox 844 550 873 614; x_wconf 91' lang='grc' dir='ltr'>Π</span> 
     </span>
    </p>
   </div>
   <div class='ocr_carea' id='block_1_2' title="bbox 220 721 1438 4787">
    <p class='ocr_par' dir='ltr' id='par_1_2' title="bbox 251 721 1416 2031">
     <span class='ocr_line' id='line_1_2' title="bbox 393 721 1416 793; baseline 0.001 -8"><span class='ocrx_word' id='word_1_4' title='bbox 393 728 465 792; x_wconf 82' lang='grc'><strong>363.</strong></span> <span class='ocrx_word' id='word_1_5' title='bbox 490 743 724 793; x_wconf 75' lang='lat' dir='ltr'><strong>sunrrnuoun</strong></span> <span class='ocrx_word' id='word_1_6' title='bbox 752 742 947 784; x_wconf 77' lang='lat' dir='ltr'><strong>avnnrnnn</strong></span> <span class='ocrx_word' id='word_1_7' title='bbox 970 743 1092 784; x_wconf 79' lang='lat' dir='ltr'><strong>cunnu</strong></span> <span class='ocrx_word' id='word_1_8' title='bbox 1112 770 1120 784; x_wconf 92' lang='lat'><strong>.</strong></span> <span class='ocrx_word' id='word_1_9' title='bbox 1141 721 1210 786; x_wconf 91' lang='lat' dir='ltr'><strong>Hoc</strong></span> <span class='ocrx_word' id='word_1_10' title='bbox 1230 721 1416 786; x_wconf 78' lang='lat' dir='ltr'><strong>Macrobius</strong></span> 
     </span>
     <span class='ocr_line' id='line_1_3' title="bbox 309 822 1415 903; baseline -0.003 -12"><span class='ocrx_word' id='word_1_11' title='bbox 309 826 491 903; x_wconf 86' lang='lat' dir='ltr'><strong>confirmat,</strong></span> <span class='ocrx_word' id='word_1_12' title='bbox 507 822 723 889; x_wconf 84' lang='lat' dir='ltr'><strong>Wakefieldus</strong></span> <span class='ocrx_word' id='word_1_13' title='bbox 737 823 782 886; x_wconf 87' lang='lat' dir='ltr'><strong>ita</strong></span> <span class='ocrx_word' id='word_1_14' title='bbox 800 829 905 887; x_wconf 88' lang='lat' dir='ltr'><strong>tuetur</strong></span> <span class='ocrx_word' id='word_1_15' title='bbox 919 829 954 886; x_wconf 92' lang='lat' dir='ltr'><strong>ut</strong></span> <span class='ocrx_word' id='word_1_16' title='bbox 968 823 1052 887; x_wconf 86' lang='lat' dir='ltr'><strong>dieat</strong></span> <span class='ocrx_word' id='word_1_17' title='bbox 1067 826 1200 890; x_wconf 70' lang='lat' dir='ltr'><strong>sabotam</strong></span> <span class='ocrx_word' id='word_1_18' title='bbox 1216 849 1328 889; x_wconf 77' lang='lat' dir='ltr'><strong>norom</strong></span> <span class='ocrx_word' id='word_1_19' title='bbox 1343 842 1415 889; x_wconf 89' lang='lat' dir='ltr'><strong>esse</strong></span> 
     </span>
     <span class='ocr_line' id='line_1_4' title="bbox 308 923 1415 1008; baseline -0.004 -16"><span class='ocrx_word' id='word_1_20' title='bbox 308 928 353 993; x_wconf 83' lang='lat' dir='ltr'><strong>‘id</strong></span> <span class='ocrx_word' id='word_1_21' title='bbox 375 947 491 1004; x_wconf 89' lang='lat' dir='ltr'><strong>curae,</strong></span> <span class='ocrx_word' id='word_1_22' title='bbox 509 923 595 1008; x_wconf 91' lang='lat' dir='ltr'><strong>quod</strong></span> <span class='ocrx_word' id='word_1_23' title='bbox 623 949 689 988; x_wconf 85' lang='lat' dir='ltr'><strong>eam</strong></span> <span class='ocrx_word' id='word_1_24' title='bbox 713 927 808 990; x_wconf 75' lang='lat' dir='ltr'><strong>suctu</strong></span> <span class='ocrx_word' id='word_1_25' title='bbox 821 929 840 988; x_wconf 83' lang='lat'><strong>.’</strong></span> <span class='ocrx_word' id='word_1_26' title='bbox 862 924 961 989; x_wconf 85' lang='lat' dir='ltr'><strong>nihilo</strong></span> <span class='ocrx_word' id='word_1_27' title='bbox 990 925 1094 990; x_wconf 88' lang='lat' dir='ltr'><strong>minus</strong></span> <span class='ocrx_word' id='word_1_28' title='bbox 1116 926 1291 991; x_wconf 80' lang='lat' dir='ltr'><strong>scribemus</strong></span> <span class='ocrx_word' id='word_1_29' title='bbox 1314 947 1415 988; x_wconf 75' lang='lat' dir='ltr'><strong>sour-</strong></span> 
     </span>
     <span class='ocr_line' id='line_1_5' title="bbox 251 1041 772 1119; baseline -0.006 -26"><span class='ocrx_word' id='word_1_30' title='bbox 251 1110 256 1119; x_wconf 21' lang='grc' dir='ltr'><strong>θ</strong></span> <span class='ocrx_word' id='word_1_31' title='bbox 309 1052 459 1101; x_wconf 77' lang='lat' dir='ltr'><strong>rancun</strong></span> <span class='ocrx_word' id='word_1_32' title='bbox 483 1041 620 1094; x_wconf 84' lang='lat' dir='ltr'><strong>auertere</strong></span> <span class='ocrx_word' id='word_1_33' title='bbox 642 1051 772 1090; x_wconf 81' lang='lat' dir='ltr'><strong>curum.</strong></span> 
     </span>
     <span class='ocr_line' id='line_1_6' title="bbox 317 1128 1415 1201; baseline -0.005 0"><span class='ocrx_word' id='word_1_34' title='bbox 317 1128 320 1133; x_wconf 40' lang='lat'><em>¹</em></span> <span class='ocrx_word' id='word_1_35' title='bbox 394 1137 466 1201; x_wconf 88' lang='grc'><strong>368.</strong></span> <span class='ocrx_word' id='word_1_36' title='bbox 488 1150 651 1200; x_wconf 77' lang='lat' dir='ltr'><strong>nouroun</strong></span> <span class='ocrx_word' id='word_1_37' title='bbox 674 1150 830 1192; x_wconf 82' lang='lat' dir='ltr'><strong>rnruncr</strong></span> <span class='ocrx_word' id='word_1_38' title='bbox 845 1131 1050 1194; x_wconf 76' lang='lat' dir='ltr'><strong>Bnnauruu</strong></span> <span class='ocrx_word' id='word_1_39' title='bbox 1069 1153 1257 1196; x_wconf 73' lang='lat' dir='ltr'><strong>renunes,</strong></span> <span class='ocrx_word' id='word_1_40' title='bbox 1281 1131 1336 1197; x_wconf 86' lang='lat' dir='ltr'><strong>Sic</strong></span> <span class='ocrx_word' id='word_1_41' title='bbox 1360 1133 1415 1196; x_wconf 81' lang='lat' dir='ltr'><strong>ob</strong></span> 
     </span>
     <span class='ocr_line' id='line_1_7' title="bbox 308 1230 1415 1316; baseline 0 -18"><span class='ocrx_word' id='word_1_42' title='bbox 308 1236 424 1315; x_wconf 90' lang='lat' dir='ltr'><strong>longus</strong></span> <span class='ocrx_word' id='word_1_43' title='bbox 446 1238 477 1297; x_wconf 91' lang='lat' dir='ltr'><strong>et</strong></span> <span class='ocrx_word' id='word_1_44' title='bbox 499 1231 656 1308; x_wconf 88' lang='lat' dir='ltr'><strong>schedae,</strong></span> <span class='ocrx_word' id='word_1_45' title='bbox 671 1230 747 1295; x_wconf 90' lang='lat' dir='ltr'><strong>item</strong></span> <span class='ocrx_word' id='word_1_46' title='bbox 769 1231 945 1296; x_wconf 85' lang='lat' dir='ltr'><strong>Brixiensis</strong></span> <span class='ocrx_word' id='word_1_47' title='bbox 968 1232 1086 1297; x_wconf 89' lang='lat' dir='ltr'><strong>editio:</strong></span> <span class='ocrx_word' id='word_1_48' title='bbox 1102 1234 1254 1299; x_wconf 79' lang='lat' dir='ltr'><strong>Baletum</strong></span> <span class='ocrx_word' id='word_1_49' title='bbox 1276 1234 1415 1316; x_wconf 86' lang='lat' dir='ltr'><strong>quadra·</strong></span> 
     </span>
     <span class='ocr_line' id='line_1_8' title="bbox 307 1333 1415 1415; baseline -0.003 -12"><span class='ocrx_word' id='word_1_50' title='bbox 307 1343 380 1415; x_wconf 87' lang='lat' dir='ltr'><strong>tus,</strong></span> <span class='ocrx_word' id='word_1_51' title='bbox 396 1335 552 1400; x_wconf 84' lang='lat' dir='ltr'><strong>Antonius</strong></span> <span class='ocrx_word' id='word_1_52' title='bbox 566 1333 677 1411; x_wconf 84' lang='lat' dir='ltr'><strong>Marii,</strong></span> <span class='ocrx_word' id='word_1_53' title='bbox 693 1335 914 1398; x_wconf 88' lang='lat' dir='ltr'><strong>Veronenscs.</strong></span> <span class='ocrx_word' id='word_1_54' title='bbox 931 1333 991 1397; x_wconf 92' lang='lat' dir='ltr'><strong>hoo</strong></span> <span class='ocrx_word' id='word_1_55' title='bbox 1006 1333 1146 1399; x_wconf 89' lang='lat' dir='ltr'><strong>admisso</strong></span> <span class='ocrx_word' id='word_1_56' title='bbox 1168 1334 1222 1399; x_wconf 83' lang='lat' dir='ltr'><strong>fiet</strong></span> <span class='ocrx_word' id='word_1_57' title='bbox 1241 1340 1277 1399; x_wconf 90' lang='lat' dir='ltr'><strong>ut</strong></span> <span class='ocrx_word' id='word_1_58' title='bbox 1295 1340 1415 1401; x_wconf 84' lang='lat' dir='ltr'><strong>matres</strong></span> 
     </span>
     <span class='ocr_line' id='line_1_9' title="bbox 308 1434 1415 1520; baseline -0.004 -16"><span class='ocrx_word' id='word_1_59' title='bbox 308 1439 391 1504; x_wconf 88' lang='lat' dir='ltr'><strong>fetus</strong></span> <span class='ocrx_word' id='word_1_60' title='bbox 423 1457 500 1502; x_wconf 87' lang='lat' dir='ltr'><strong>suos</strong></span> <span class='ocrx_word' id='word_1_61' title='bbox 527 1436 655 1501; x_wconf 76' lang='lat' dir='ltr'><strong>novisse</strong></span> <span class='ocrx_word' id='word_1_62' title='bbox 683 1434 851 1498; x_wconf 87' lang='lat' dir='ltr'><strong>dicantur:</strong></span> <span class='ocrx_word' id='word_1_63' title='bbox 879 1434 937 1498; x_wconf 89' lang='lat' dir='ltr'><strong>sed</strong></span> <span class='ocrx_word' id='word_1_64' title='bbox 968 1434 1002 1497; x_wconf 92' lang='lat' dir='ltr'><strong>id</strong></span> <span class='ocrx_word' id='word_1_65' title='bbox 1034 1440 1129 1517; x_wconf 75' lang='lat' dir='ltr'><strong>poeta</strong></span> <span class='ocrx_word' id='word_1_66' title='bbox 1160 1436 1278 1518; x_wconf 87' lang='lat' dir='ltr'><strong>agebat</strong></span> <span class='ocrx_word' id='word_1_67' title='bbox 1307 1438 1415 1520; x_wconf 88' lang='lat' dir='ltr'><strong>pn&#39;ore</strong></span> 
     </span>
     <span class='ocr_line' id='line_1_10' title="bbox 308 1536 1414 1621; baseline -0.003 -14"><span class='ocrx_word' id='word_1_68' title='bbox 308 1559 425 1608; x_wconf 86' lang='lat' dir='ltr'><strong>vaccae</strong></span> <span class='ocrx_word' id='word_1_69' title='bbox 453 1538 624 1620; x_wconf 83' lang='lat' dir='ltr'><strong>exemplo,</strong></span> <span class='ocrx_word' id='word_1_70' title='bbox 645 1555 747 1618; x_wconf 90' lang='lat' dir='ltr'><strong>neque</strong></span> <span class='ocrx_word' id='word_1_71' title='bbox 778 1555 815 1599; x_wconf 90' lang='lat' dir='ltr'><strong>eo</strong></span> <span class='ocrx_word' id='word_1_72' title='bbox 843 1536 1001 1619; x_wconf 82' lang='lat' dir='ltr'>pertinent</span> <span class='ocrx_word' id='word_1_73' title='bbox 1034 1557 1116 1617; x_wconf 87' lang='lat' dir='ltr'><strong>quae</strong></span> <span class='ocrx_word' id='word_1_74' title='bbox 1144 1538 1287 1603; x_wconf 86' lang='lat' dir='ltr'><strong>subiecta</strong></span> <span class='ocrx_word' id='word_1_75' title='bbox 1319 1545 1414 1621; x_wconf 85' lang='lat' dir='ltr'><strong>sunt,</strong></span> 
     </span>
     <span class='ocr_line' id='line_1_11' title="bbox 310 1638 1415 1726; baseline -0.006 -17"><span class='ocrx_word' id='word_1_76' title='bbox 310 1645 367 1710; x_wconf 82' lang='lat' dir='ltr'><strong>Ad</strong></span> <span class='ocrx_word' id='word_1_77' title='bbox 391 1667 450 1707; x_wconf 80' lang='lat' dir='ltr'><strong>sua</strong></span> <span class='ocrx_word' id='word_1_78' title='bbox 472 1642 604 1726; x_wconf 78' lang='lat' dir='ltr'><strong>quisque</strong></span> <span class='ocrx_word' id='word_1_79' title='bbox 616 1641 693 1725; x_wconf 80' lang='lat' dir='ltr'><strong>fere</strong></span> <span class='ocrx_word' id='word_1_80' title='bbox 716 1639 887 1703; x_wconf 81' lang='lat' dir='ltr'><strong>decurrunt</strong></span> <span class='ocrx_word' id='word_1_81' title='bbox 912 1640 1009 1702; x_wconf 83' lang='lat' dir='ltr'><strong>ubero</strong></span> <span class='ocrx_word' id='word_1_82' title='bbox 1036 1640 1150 1704; x_wconf 70' lang='lat' dir='ltr'><strong>lactis.</strong></span> <span class='ocrx_word' id='word_1_83' title='bbox 1172 1638 1355 1704; x_wconf 83' lang='lat' dir='ltr'><strong>Macrobius</strong></span> <span class='ocrx_word' id='word_1_84' title='bbox 1381 1640 1415 1702; x_wconf 92' lang='lat' dir='ltr'><strong>in</strong></span> 
     </span>
     <span class='ocr_line' id='line_1_12' title="bbox 310 1741 1414 1823; baseline -0.008 -11"><span class='ocrx_word' id='word_1_85' title='bbox 310 1747 540 1820; x_wconf 81' lang='lat' dir='ltr'><strong>Satum.v1‚t‘›</strong></span> <span class='ocrx_word' id='word_1_86' title='bbox 570 1747 600 1805; x_wconf 92' lang='lat' dir='ltr'><strong>et</strong></span> <span class='ocrx_word' id='word_1_87' title='bbox 626 1741 740 1804; x_wconf 83' lang='lat' dir='ltr'><strong>Festus</strong></span> <span class='ocrx_word' id='word_1_88' title='bbox 767 1761 797 1823; x_wconf 89' lang='lat' dir='ltr'><strong>p.</strong></span> <span class='ocrx_word' id='word_1_89' title='bbox 814 1745 886 1818; x_wconf 76' lang='lat'>206,</span> <span class='ocrx_word' id='word_1_90' title='bbox 908 1746 925 1808; x_wconf 81' lang='lat' dir='ltr'><strong>l</strong></span> <span class='ocrx_word' id='word_1_91' title='bbox 950 1792 958 1819; x_wconf 87' lang='lat'>‚</span> <span class='ocrx_word' id='word_1_92' title='bbox 985 1741 1038 1823; x_wconf 91' lang='lat' dir='ltr'><strong>qui</strong></span> <span class='ocrx_word' id='word_1_93' title='bbox 1072 1741 1232 1823; x_wconf 85' lang='lat' dir='ltr'><strong>prioribus</strong></span> <span class='ocrx_word' id='word_1_94' title='bbox 1264 1746 1414 1817; x_wconf 90' lang='lat' dir='ltr'><strong>utuntur,</strong></span> 
     </span>
     <span class='ocr_line' id='line_1_13' title="bbox 308 1842 1415 1932; baseline -0.005 -20"><span class='ocrx_word' id='word_1_95' title='bbox 308 1844 560 1932; x_wconf 85' lang='lat' dir='ltr'><strong>praetermittunt</strong></span> <span class='ocrx_word' id='word_1_96' title='bbox 579 1844 752 1907; x_wconf 75' lang='lat' dir='ltr'><strong>Balantum</strong></span> <span class='ocrx_word' id='word_1_97' title='bbox 770 1842 926 1927; x_wconf 79' lang='lat' dir='ltr'><strong>pecudes.</strong></span> <span class='ocrx_word' id='word_1_98' title='bbox 942 1842 1123 1908; x_wconf 85' lang='lat' dir='ltr'><strong>Macrobius</strong></span> <span class='ocrx_word' id='word_1_99' title='bbox 1144 1845 1286 1908; x_wconf 76' lang='lat' dir='ltr'><strong>tremulis</strong></span> <span class='ocrx_word' id='word_1_100' title='bbox 1306 1846 1343 1907; x_wconf 78' lang='lat' dir='ltr'><strong>iu</strong></span> <span class='ocrx_word' id='word_1_101' title='bbox 1364 1866 1415 1907; x_wconf 88' lang='lat' dir='ltr'><strong>uo-</strong></span> 
     </span>
     <span class='ocr_line' id='line_1_14' title="bbox 309 1945 674 2031; baseline -0.022 -14"><span class='ocrx_word' id='word_1_102' title='bbox 309 1954 395 2017; x_wconf 83' lang='lat' dir='ltr'><strong>cibus</strong></span> <span class='ocrx_word' id='word_1_103' title='bbox 418 1954 448 2013; x_wconf 86' lang='lat' dir='ltr'><strong>et</strong></span> <span class='ocrx_word' id='word_1_104' title='bbox 471 1945 674 2031; x_wconf 65' lang='lat' dir='ltr'><strong>Corufferoo.</strong></span> 
     </span>
    </p>

    <p class='ocr_par' dir='ltr' id='par_1_3' title="bbox 220 2049 1438 4787">
     <span class='ocr_line' id='line_1_15' title="bbox 396 2049 1415 2119; baseline -0.003 -4"><span class='ocrx_word' id='word_1_105' title='bbox 396 2055 468 2119; x_wconf 79' lang='lat'><strong>371.</strong></span> <span class='ocrx_word' id='word_1_106' title='bbox 501 2049 702 2112; x_wconf 83' lang='lat' dir='ltr'><strong>Posnnnuo</strong></span> <span class='ocrx_word' id='word_1_107' title='bbox 732 2068 913 2118; x_wconf 85' lang='lat' dir='ltr'><strong>ouonvus</strong></span> <span class='ocrx_word' id='word_1_108' title='bbox 939 2068 1166 2112; x_wconf 81' lang='lat' dir='ltr'><strong>rnuunuruu</strong></span> <span class='ocrx_word' id='word_1_109' title='bbox 1193 2070 1263 2112; x_wconf 82' lang='lat' dir='ltr'><strong>uon</strong></span> <span class='ocrx_word' id='word_1_110' title='bbox 1292 2071 1415 2112; x_wconf 64' lang='lat' dir='ltr'><strong>runnu</strong></span> 
     </span>
     <span class='ocr_line' id='line_1_16' title="bbox 311 2151 1415 2231; baseline -0.004 -11"><span class='ocrx_word' id='word_1_111' title='bbox 311 2151 618 2231; x_wconf 82' lang='lat' dir='ltr'><strong>ouun‚Qurnoun</strong></span> <span class='ocrx_word' id='word_1_112' title='bbox 641 2169 707 2211; x_wconf 92' lang='lat' dir='ltr'><strong>suo</strong></span> <span class='ocrx_word' id='word_1_113' title='bbox 725 2171 1016 2227; x_wconf 80' lang='lat' dir='ltr'><strong>onunnn‚1urnn</strong></span> <span class='ocrx_word' id='word_1_114' title='bbox 1040 2173 1079 2213; x_wconf 83' lang='lat' dir='ltr'><strong>sn</strong></span> <span class='ocrx_word' id='word_1_115' title='bbox 1103 2172 1226 2213; x_wconf 84' lang='lat' dir='ltr'><strong>srumn</strong></span> <span class='ocrx_word' id='word_1_116' title='bbox 1249 2173 1336 2216; x_wconf 83' lang='lat' dir='ltr'><strong>nssn</strong></span> <span class='ocrx_word' id='word_1_117' title='bbox 1359 2174 1415 2215; x_wconf 86' lang='lat' dir='ltr'><strong>vr-</strong></span> 
     </span>
     <span class='ocr_line' id='line_1_17' title="bbox 309 2249 1414 2338; baseline -0.003 -17"><span class='ocrx_word' id='word_1_118' title='bbox 309 2278 437 2321; x_wconf 77' lang='lat' dir='ltr'><strong>orum.</strong></span> <span class='ocrx_word' id='word_1_119' title='bbox 458 2249 638 2329; x_wconf 78' lang='lat' dir='ltr'><strong>Quadratus</strong></span> <span class='ocrx_word' id='word_1_120' title='bbox 661 2252 881 2316; x_wconf 72' lang='lat' dir='ltr'><strong>Postremum.</strong></span> <span class='ocrx_word' id='word_1_121' title='bbox 903 2273 1064 2321; x_wconf 85' lang='lat' dir='ltr'><strong>ouonvrs</strong></span> <span class='ocrx_word' id='word_1_122' title='bbox 1093 2252 1164 2317; x_wconf 82' lang='lat' dir='ltr'><strong>Itali</strong></span> <span class='ocrx_word' id='word_1_123' title='bbox 1190 2258 1222 2318; x_wconf 88' lang='lat' dir='ltr'><strong>et</strong></span> <span class='ocrx_word' id='word_1_124' title='bbox 1246 2253 1414 2338; x_wconf 89' lang='lat' dir='ltr'><strong>impressi.</strong></span> 
     </span>
     <span class='ocr_line' id='line_1_18' title="bbox 310 2351 1415 2442; baseline -0.003 -17"><span class='ocrx_word' id='word_1_125' title='bbox 310 2360 368 2426; x_wconf 90' lang='lat' dir='ltr'><strong>sed</strong></span> <span class='ocrx_word' id='word_1_126' title='bbox 388 2357 468 2421; x_wconf 88' lang='lat' dir='ltr'><strong>haec</strong></span> <span class='ocrx_word' id='word_1_127' title='bbox 489 2374 554 2417; x_wconf 92' lang='lat' dir='ltr'><strong>non</strong></span> <span class='ocrx_word' id='word_1_128' title='bbox 578 2351 672 2417; x_wconf 78' lang='lat' dir='ltr'><strong>rideo</strong></span> <span class='ocrx_word' id='word_1_129' title='bbox 696 2352 854 2434; x_wconf 88' lang='lat' dir='ltr'><strong>quomodo</strong></span> <span class='ocrx_word' id='word_1_130' title='bbox 883 2354 1033 2435; x_wconf 87' lang='lat' dir='ltr'><strong>coniungi</strong></span> <span class='ocrx_word' id='word_1_131' title='bbox 1054 2355 1200 2438; x_wconf 86' lang='lat' dir='ltr'><strong>possint,</strong></span> <span class='ocrx_word' id='word_1_132' title='bbox 1212 2356 1415 2442; x_wconf 78' lang='lat' dir='ltr'><strong>frumentum</strong></span> 
     </span>
     <span class='ocr_line' id='line_1_19' title="bbox 309 2454 1416 2550; baseline -0.004 -23"><span class='ocrx_word' id='word_1_133' title='bbox 309 2461 441 2550; x_wconf 81' lang='lat' dir='ltr'><strong>quodvis</strong></span> <span class='ocrx_word' id='word_1_134' title='bbox 456 2481 512 2521; x_wconf 78' lang='lat' dir='ltr'><strong>suo</strong></span> <span class='ocrx_word' id='word_1_135' title='bbox 527 2457 659 2541; x_wconf 81' lang='lat' dir='ltr'><strong>quicque</strong></span> <span class='ocrx_word' id='word_1_136' title='bbox 674 2454 771 2537; x_wconf 83' lang='lat' dir='ltr'><strong>(sive,</strong></span> <span class='ocrx_word' id='word_1_137' title='bbox 784 2460 818 2519; x_wconf 88' lang='lat' dir='ltr'><strong>ut</strong></span> <span class='ocrx_word' id='word_1_138' title='bbox 831 2455 917 2533; x_wconf 86' lang='lat' dir='ltr'><strong>Itali,</strong></span> <span class='ocrx_word' id='word_1_139' title='bbox 931 2457 1087 2543; x_wconf 84' lang='lat' dir='ltr'><strong>quodque)</strong></span> <span class='ocrx_word' id='word_1_140' title='bbox 1097 2482 1225 2545; x_wconf 74' lang='lat' dir='ltr'><strong>penore:</strong></span> <span class='ocrx_word' id='word_1_141' title='bbox 1236 2457 1315 2522; x_wconf 89' lang='lat' dir='ltr'><strong>nihil</strong></span> <span class='ocrx_word' id='word_1_142' title='bbox 1330 2459 1416 2523; x_wconf 91' lang='lat' dir='ltr'><strong>enim</strong></span> 
     </span>
     <span class='ocr_line' id='line_1_20' title="bbox 310 2556 1416 2643; baseline -0.001 -16"><span class='ocrx_word' id='word_1_143' title='bbox 310 2563 458 2628; x_wconf 88' lang='lat' dir='ltr'><strong>differunt</strong></span> <span class='ocrx_word' id='word_1_144' title='bbox 470 2559 510 2623; x_wconf 89' lang='lat' dir='ltr'><strong>ab</strong></span> <span class='ocrx_word' id='word_1_145' title='bbox 522 2558 560 2622; x_wconf 89' lang='lat' dir='ltr'><strong>iis</strong></span> <span class='ocrx_word' id='word_1_146' title='bbox 569 2576 650 2639; x_wconf 83' lang='lat' dir='ltr'><strong>quae</strong></span> <span class='ocrx_word' id='word_1_147' title='bbox 659 2556 844 2622; x_wconf 76' lang='lat' dir='ltr'><strong>Ciceronem</strong></span> <span class='ocrx_word' id='word_1_148' title='bbox 857 2557 897 2622; x_wconf 91' lang='lat' dir='ltr'><strong>de</strong></span> <span class='ocrx_word' id='word_1_149' title='bbox 905 2557 1020 2623; x_wconf 87' lang='lat' dir='ltr'><strong>finibus</strong></span> <span class='ocrx_word' id='word_1_150' title='bbox 1028 2581 1058 2635; x_wconf 91' lang='lat' dir='ltr'><strong>v,</strong></span> <span class='ocrx_word' id='word_1_151' title='bbox 1068 2564 1110 2627; x_wconf 75' lang='lat' dir='ltr'><strong>lo</strong></span> <span class='ocrx_word' id='word_1_152' title='bbox 1123 2559 1260 2624; x_wconf 88' lang='lat' dir='ltr'><strong>scribere</strong></span> <span class='ocrx_word' id='word_1_153' title='bbox 1271 2561 1416 2643; x_wconf 89' lang='lat' dir='ltr'><strong>potuisse</strong></span> 
     </span>
     <span class='ocr_line' id='line_1_21' title="bbox 308 2662 1415 2747; baseline -0.001 -17"><span class='ocrx_word' id='word_1_154' title='bbox 308 2663 473 2730; x_wconf 81' lang='lat' dir='ltr'><strong>Madvicus</strong></span> <span class='ocrx_word' id='word_1_155' title='bbox 488 2665 573 2724; x_wconf 84' lang='lat' dir='ltr'><strong>recte</strong></span> <span class='ocrx_word' id='word_1_156' title='bbox 584 2664 696 2740; x_wconf 83' lang='lat' dir='ltr'><strong>negat,</strong></span> <span class='ocrx_word' id='word_1_157' title='bbox 710 2662 859 2745; x_wconf 81' lang='lat' dir='ltr'><strong>cuiusque</strong></span> <span class='ocrx_word' id='word_1_158' title='bbox 871 2663 977 2745; x_wconf 77' lang='lat' dir='ltr'><strong>portis</strong></span> <span class='ocrx_word' id='word_1_159' title='bbox 992 2686 1051 2726; x_wconf 86' lang='lat' dir='ltr'><strong>suu</strong></span> <span class='ocrx_word' id='word_1_160' title='bbox 1062 2664 1213 2747; x_wconf 75' lang='lat' dir='ltr'><strong>cuiusque</strong></span> <span class='ocrx_word' id='word_1_161' title='bbox 1227 2665 1292 2728; x_wconf 67' lang='lat' dir='ltr'><strong>om.</strong></span> <span class='ocrx_word' id='word_1_162' title='bbox 1304 2664 1415 2746; x_wconf 86' lang='lat' dir='ltr'><strong>itaque</strong></span> 
     </span>
     <span class='ocr_line' id='line_1_22' title="bbox 310 2760 1415 2848; baseline 0 -18"><span class='ocrx_word' id='word_1_163' title='bbox 310 2784 404 2848; x_wconf 89' lang='lat' dir='ltr'><strong>quem</strong></span> <span class='ocrx_word' id='word_1_164' title='bbox 420 2761 592 2827; x_wconf 88' lang='lat' dir='ltr'><strong>admodum</strong></span> <span class='ocrx_word' id='word_1_165' title='bbox 607 2760 718 2825; x_wconf 89' lang='lat' dir='ltr'><strong>Cicero</strong></span> <span class='ocrx_word' id='word_1_166' title='bbox 741 2760 867 2843; x_wconf 87' lang='lat' dir='ltr'><strong>scripsit</strong></span> <span class='ocrx_word' id='word_1_167' title='bbox 882 2787 941 2826; x_wconf 73' lang='lat' dir='ltr'><strong>nuo</strong></span> <span class='ocrx_word' id='word_1_168' title='bbox 960 2787 1102 2848; x_wconf 80' lang='lat' dir='ltr'><strong>quaeque</strong></span> <span class='ocrx_word' id='word_1_169' title='bbox 1121 2765 1192 2844; x_wconf 78' lang='lat' dir='ltr'><strong>oio,</strong></span> <span class='ocrx_word' id='word_1_170' title='bbox 1213 2763 1265 2828; x_wconf 90' lang='lat' dir='ltr'><strong>hic</strong></span> <span class='ocrx_word' id='word_1_171' title='bbox 1285 2785 1415 2847; x_wconf 91' lang='lat' dir='ltr'><strong>quoque</strong></span> 
     </span>
     <span class='ocr_line' id='line_1_23' title="bbox 309 2862 1414 2956; baseline -0.005 -22"><span class='ocrx_word' id='word_1_172' title='bbox 309 2863 512 2934; x_wconf 87' lang='lat' dir='ltr'><strong>scribendum</strong></span> <span class='ocrx_word' id='word_1_173' title='bbox 527 2869 604 2946; x_wconf 93' lang='lat' dir='ltr'><strong>puto</strong></span> <span class='ocrx_word' id='word_1_174' title='bbox 617 2863 744 2948; x_wconf 72' lang='lat' dir='ltr'><strong>Quoquo</strong></span> <span class='ocrx_word' id='word_1_175' title='bbox 759 2862 829 2940; x_wconf 85' lang='lat' dir='ltr'><strong>vel,</strong></span> <span class='ocrx_word' id='word_1_176' title='bbox 847 2862 933 2944; x_wconf 90' lang='lat' dir='ltr'><strong>qnod</strong></span> <span class='ocrx_word' id='word_1_177' title='bbox 948 2863 1034 2928; x_wconf 91' lang='lat' dir='ltr'><strong>idem</strong></span> <span class='ocrx_word' id='word_1_178' title='bbox 1050 2863 1275 2942; x_wconf 38' lang='lat' dir='ltr'><strong>esthuroun</strong></span> <span class='ocrx_word' id='word_1_179' title='bbox 1290 2892 1348 2932; x_wconf 74' lang='lat' dir='ltr'><strong>ouo</strong></span> <span class='ocrx_word' id='word_1_180' title='bbox 1361 2894 1414 2956; x_wconf 73' lang='lat'><strong>9⁰·</strong></span> 
     </span>
     <span class='ocr_line' id='line_1_24' title="bbox 309 2962 1416 3056; baseline -0.002 -20"><span class='ocrx_word' id='word_1_181' title='bbox 309 2994 382 3036; x_wconf 83' lang='lat' dir='ltr'><strong>uero</strong></span> <span class='ocrx_word' id='word_1_182' title='bbox 395 3017 402 3032; x_wconf 90' lang='lat'><strong><em>.</em></strong></span> <span class='ocrx_word' id='word_1_183' title='bbox 417 2967 462 3031; x_wconf 89' lang='lat' dir='ltr'><strong>ita</strong></span> <span class='ocrx_word' id='word_1_184' title='bbox 472 2966 572 3030; x_wconf 87' lang='lat' dir='ltr'><strong>Varro</strong></span> <span class='ocrx_word' id='word_1_185' title='bbox 588 2982 693 3030; x_wconf 81' lang='lat' dir='ltr'><strong>rerum</strong></span> <span class='ocrx_word' id='word_1_186' title='bbox 707 2962 893 3028; x_wconf 83' lang='lat' dir='ltr'><strong>rusticarum</strong></span> <span class='ocrx_word' id='word_1_187' title='bbox 905 2988 925 3044; x_wconf 87' lang='lat'><strong>1,</strong></span> <span class='ocrx_word' id='word_1_188' title='bbox 933 2970 990 3048; x_wconf 79' lang='grc'><strong>7,2</strong></span> <span class='ocrx_word' id='word_1_189' title='bbox 1006 2967 1092 3053; x_wconf 81' lang='lat' dir='ltr'><strong>quod</strong></span> <span class='ocrx_word' id='word_1_190' title='bbox 1100 2992 1311 3055; x_wconf 82' lang='lat' dir='ltr'><strong>quoecumque</strong></span> <span class='ocrx_word' id='word_1_191' title='bbox 1326 2969 1416 3056; x_wconf 86' lang='lat' dir='ltr'><strong>(libri</strong></span> 
     </span>
     <span class='ocr_line' id='line_1_25' title="bbox 309 3068 1412 3160; baseline 0 -23"><span class='ocrx_word' id='word_1_192' title='bbox 309 3069 463 3160; x_wconf 80' lang='lat' dir='ltr'><strong>quaeque)</strong></span> <span class='ocrx_word' id='word_1_193' title='bbox 478 3092 534 3132; x_wconf 78' lang='lat' dir='ltr'><strong>ouo</strong></span> <span class='ocrx_word' id='word_1_194' title='bbox 550 3092 670 3153; x_wconf 79' lang='lat' dir='ltr'><strong>quoque</strong></span> <span class='ocrx_word' id='word_1_195' title='bbox 686 3068 750 3131; x_wconf 85' lang='lat' dir='ltr'><strong>loco</strong></span> <span class='ocrx_word' id='word_1_196' title='bbox 766 3080 839 3131; x_wconf 84' lang='lat' dir='ltr'><strong>suut</strong></span> <span class='ocrx_word' id='word_1_197' title='bbox 849 3070 974 3152; x_wconf 81' lang='lat' dir='ltr'><strong>pom&#39;to,</strong></span> <span class='ocrx_word' id='word_1_198' title='bbox 991 3094 1028 3134; x_wconf 85' lang='lat' dir='ltr'><strong>ec</strong></span> <span class='ocrx_word' id='word_1_199' title='bbox 1042 3071 1147 3133; x_wconf 77' lang='lat' dir='ltr'><strong>mrbus</strong></span> <span class='ocrx_word' id='word_1_200' title='bbox 1166 3069 1230 3134; x_wconf 83' lang='lat' dir='ltr'><strong>lom&#39;</strong></span> <span class='ocrx_word' id='word_1_201' title='bbox 1241 3087 1412 3152; x_wconf 80' lang='lat' dir='ltr'><strong>occupant,</strong></span> 
     </span>
     <span class='ocr_line' id='line_1_26' title="bbox 309 3173 1414 3258; baseline 0.001 -19"><span class='ocrx_word' id='word_1_202' title='bbox 309 3194 373 3239; x_wconf 88' lang='lat' dir='ltr'><strong>nun</strong></span> <span class='ocrx_word' id='word_1_203' title='bbox 385 3193 595 3258; x_wconf 79' lang='lat' dir='ltr'><strong>quaecumque</strong></span> <span class='ocrx_word' id='word_1_204' title='bbox 609 3193 665 3233; x_wconf 83' lang='lat' dir='ltr'><strong>nuo</strong></span> <span class='ocrx_word' id='word_1_205' title='bbox 681 3193 841 3254; x_wconf 80' lang='lat' dir='ltr'><strong>quaeque,</strong></span> <span class='ocrx_word' id='word_1_206' title='bbox 857 3189 962 3252; x_wconf 82' lang='lat' dir='ltr'><strong>neque</strong></span> <span class='ocrx_word' id='word_1_207' title='bbox 978 3174 1033 3235; x_wconf 80' lang='lat' dir='ltr'><strong>sui</strong></span> <span class='ocrx_word' id='word_1_208' title='bbox 1044 3173 1156 3256; x_wconf 77' lang='lat' dir='ltr'><strong>cuique</strong></span> <span class='ocrx_word' id='word_1_209' title='bbox 1170 3196 1270 3238; x_wconf 81' lang='lat' dir='ltr'><strong>mores</strong></span> <span class='ocrx_word' id='word_1_210' title='bbox 1281 3175 1414 3241; x_wconf 75' lang='lat' dir='ltr'><strong>immimi-</strong></span> 
     </span>
     <span class='ocr_line' id='line_1_27' title="bbox 310 3268 1438 3357; baseline 0.001 -17"><span class='ocrx_word' id='word_1_211' title='bbox 310 3278 366 3340; x_wconf 76' lang='lat' dir='ltr'><strong>buo</strong></span> <span class='ocrx_word' id='word_1_212' title='bbox 380 3272 455 3336; x_wconf 86' lang='lat' dir='ltr'><strong>ferri</strong></span> <span class='ocrx_word' id='word_1_213' title='bbox 469 3275 574 3354; x_wconf 88' lang='lat' dir='ltr'><strong>potest</strong></span> <span class='ocrx_word' id='word_1_214' title='bbox 587 3268 620 3332; x_wconf 92' lang='lat' dir='ltr'><strong>in</strong></span> <span class='ocrx_word' id='word_1_215' title='bbox 636 3288 730 3334; x_wconf 90' lang='lat' dir='ltr'><strong>versu</strong></span> <span class='ocrx_word' id='word_1_216' title='bbox 746 3269 870 3334; x_wconf 90' lang='lat' dir='ltr'><strong>senario</strong></span> <span class='ocrx_word' id='word_1_217' title='bbox 888 3291 951 3353; x_wconf 90' lang='lat' dir='ltr'><strong>quo</strong></span> <span class='ocrx_word' id='word_1_218' title='bbox 967 3272 1133 3338; x_wconf 90' lang='lat' dir='ltr'><strong>Cornelius</strong></span> <span class='ocrx_word' id='word_1_219' title='bbox 1144 3274 1254 3357; x_wconf 85' lang='lat' dir='ltr'><strong>Nepos</strong></span> <span class='ocrx_word' id='word_1_220' title='bbox 1268 3275 1367 3340; x_wconf 92' lang='lat' dir='ltr'><strong>utitur</strong></span> <span class='ocrx_word' id='word_1_221' title='bbox 1379 3277 1416 3342; x_wconf 93' lang='lat' dir='ltr'><strong>in</strong></span> <span class='ocrx_word' id='word_1_222' title='bbox 1429 3339 1438 3351; x_wconf 79' lang='grc'>,</span> 
     </span>
     <span class='ocr_line' id='line_1_28' title="bbox 308 3369 1415 3464; baseline 0.002 -21"><span class='ocrx_word' id='word_1_223' title='bbox 308 3376 413 3443; x_wconf 85' lang='lat' dir='ltr'><strong>Attico</strong></span> <span class='ocrx_word' id='word_1_224' title='bbox 428 3377 476 3450; x_wconf 89' lang='lat' dir='ltr'><strong>ll,</strong></span> <span class='ocrx_word' id='word_1_225' title='bbox 489 3378 523 3448; x_wconf 89' lang='lat'><strong>6,</strong></span> <span class='ocrx_word' id='word_1_226' title='bbox 537 3370 594 3436; x_wconf 83' lang='lat' dir='ltr'><strong>scd</strong></span> <span class='ocrx_word' id='word_1_227' title='bbox 609 3369 705 3435; x_wconf 85' lang='lat' dir='ltr'><strong>debet</strong></span> <span class='ocrx_word' id='word_1_228' title='bbox 720 3390 791 3436; x_wconf 82' lang='lat' dir='ltr'><strong>csse</strong></span> <span class='ocrx_word' id='word_1_229' title='bbox 803 3373 866 3439; x_wconf 74' lang='lat' dir='ltr'><strong>bot</strong></span> <span class='ocrx_word' id='word_1_230' title='bbox 873 3377 989 3459; x_wconf 78' lang='lat' dir='ltr'><strong>quique</strong></span> <span class='ocrx_word' id='word_1_231' title='bbox 1004 3399 1103 3439; x_wconf 78' lang='lat' dir='ltr'><strong>mores</strong></span> <span class='ocrx_word' id='word_1_232' title='bbox 1108 3376 1239 3461; x_wconf 73' lang='lat' dir='ltr'><strong>flupuut</strong></span> <span class='ocrx_word' id='word_1_233' title='bbox 1242 3377 1415 3464; x_wconf 80' lang='lat' dir='ltr'><strong>fortunam</strong></span> 
     </span>
     <span class='ocr_line' id='line_1_29' title="bbox 309 3471 1415 3560; baseline -0.001 -15"><span class='ocrx_word' id='word_1_234' title='bbox 309 3472 616 3555; x_wconf 64' lang='lat' dir='ltr'><strong>contractumnc</strong></span> <span class='ocrx_word' id='word_1_235' title='bbox 641 3471 724 3538; x_wconf 89' lang='lat' dir='ltr'><strong>inter</strong></span> <span class='ocrx_word' id='word_1_236' title='bbox 751 3475 926 3540; x_wconf 89' lang='lat' dir='ltr'><strong>sententias</strong></span> <span class='ocrx_word' id='word_1_237' title='bbox 948 3478 982 3540; x_wconf 88' lang='lat' dir='ltr'><strong>P.</strong></span> <span class='ocrx_word' id='word_1_238' title='bbox 1004 3476 1154 3560; x_wconf 78' lang='lat' dir='ltr'><strong>Syriaca</strong></span> <span class='ocrx_word' id='word_1_239' title='bbox 1181 3483 1310 3543; x_wconf 87' lang='lat' dir='ltr'><strong>auctore</strong></span> <span class='ocrx_word' id='word_1_240' title='bbox 1336 3479 1415 3544; x_wconf 92' lang='lat' dir='ltr'><strong>mihi</strong></span> 
     </span>
     <span class='ocr_line' id='line_1_30' title="bbox 308 3573 1415 3666; baseline 0.002 -22"><span class='ocrx_word' id='word_1_241' title='bbox 308 3576 469 3660; x_wconf 84' lang='lat' dir='ltr'><strong>incognito</strong></span> <span class='ocrx_word' id='word_1_242' title='bbox 495 3575 539 3639; x_wconf 87' lang='lat' dir='ltr'><strong>ita</strong></span> <span class='ocrx_word' id='word_1_243' title='bbox 570 3573 719 3657; x_wconf 84' lang='lat' dir='ltr'><strong>scriptum</strong></span> <span class='ocrx_word' id='word_1_244' title='bbox 749 3575 892 3640; x_wconf 86' lang='lat' dir='ltr'><strong>exhibuit</strong></span> <span class='ocrx_word' id='word_1_245' title='bbox 920 3576 1051 3641; x_wconf 83' lang='lat' dir='ltr'><strong>Bothius</strong></span> <span class='ocrx_word' id='word_1_246' title='bbox 1068 3628 1076 3654; x_wconf 93' lang='lat'>‚</span> <span class='ocrx_word' id='word_1_247' title='bbox 1095 3580 1267 3644; x_wconf 76' lang='lat' dir='ltr'><strong>Fortunam</strong></span> <span class='ocrx_word' id='word_1_248' title='bbox 1299 3583 1415 3666; x_wconf 78' lang='lat' dir='ltr'><strong>cuique</strong></span> 
     </span>
     <span class='ocr_line' id='line_1_31' title="bbox 307 3677 1416 3765; baseline -0.004 -15"><span class='ocrx_word' id='word_1_249' title='bbox 307 3707 408 3750; x_wconf 80' lang='lat' dir='ltr'><strong>moros</strong></span> <span class='ocrx_word' id='word_1_250' title='bbox 419 3679 598 3765; x_wconf 76' lang='lat' dir='ltr'><strong>oooflopuut</strong></span> <span class='ocrx_word' id='word_1_251' title='bbox 612 3681 685 3742; x_wconf 78' lang='lat' dir='ltr'><strong>oui:</strong></span> <span class='ocrx_word' id='word_1_252' title='bbox 699 3677 733 3741; x_wconf 94' lang='lat' dir='ltr'><strong>in</strong></span> <span class='ocrx_word' id='word_1_253' title='bbox 745 3678 907 3744; x_wconf 79' lang='lat' dir='ltr'><strong>Ciceronis</strong></span> <span class='ocrx_word' id='word_1_254' title='bbox 919 3677 1091 3763; x_wconf 88' lang='lat' dir='ltr'><strong>paradoxis</strong></span> <span class='ocrx_word' id='word_1_255' title='bbox 1103 3685 1145 3748; x_wconf 81' lang='lat'><strong>35</strong></span> <span class='ocrx_word' id='word_1_256' title='bbox 1157 3681 1297 3763; x_wconf 86' lang='lat' dir='ltr'><strong>‘sapiens</strong></span> <span class='ocrx_word' id='word_1_257' title='bbox 1307 3679 1416 3764; x_wconf 80' lang='lat' dir='ltr'><strong>poeta’</strong></span> 
     </span>
     <span class='ocr_line' id='line_1_32' title="bbox 308 3780 1419 3870; baseline 0 -18"><span class='ocrx_word' id='word_1_258' title='bbox 308 3785 383 3853; x_wconf 70' lang='lat' dir='ltr'><strong>Soa</strong></span> <span class='ocrx_word' id='word_1_259' title='bbox 393 3784 532 3870; x_wconf 75' lang='lat' dir='ltr'><strong>flupitur</strong></span> <span class='ocrx_word' id='word_1_260' title='bbox 544 3780 683 3866; x_wconf 80' lang='lat' dir='ltr'><strong>fortuna</strong></span> <span class='ocrx_word' id='word_1_261' title='bbox 703 3784 814 3866; x_wconf 81' lang='lat' dir='ltr'><strong>cuique</strong></span> <span class='ocrx_word' id='word_1_262' title='bbox 833 3783 993 3846; x_wconf 78' lang='lat' dir='ltr'><strong>moribus:</strong></span> <span class='ocrx_word' id='word_1_263' title='bbox 1011 3780 1135 3846; x_wconf 85' lang='lat' dir='ltr'><strong>Nonius</strong></span> <span class='ocrx_word' id='word_1_264' title='bbox 1157 3803 1187 3865; x_wconf 85' lang='lat' dir='ltr'><strong>p·</strong></span> <span class='ocrx_word' id='word_1_265' title='bbox 1204 3787 1277 3861; x_wconf 80' lang='grc'>526,</span> <span class='ocrx_word' id='word_1_266' title='bbox 1289 3786 1331 3850; x_wconf 78' lang='grc'><strong>24</strong></span> <span class='ocrx_word' id='word_1_267' title='bbox 1354 3783 1419 3850; x_wconf 71' lang='lat' dir='ltr'><strong>Sui</strong></span> 
     </span>
     <span class='ocr_line' id='line_1_33' title="bbox 307 3881 1414 3971; baseline -0.003 -20"><span class='ocrx_word' id='word_1_268' title='bbox 307 3889 419 3971; x_wconf 80' lang='lat' dir='ltr'><strong>cuique</strong></span> <span class='ocrx_word' id='word_1_269' title='bbox 441 3907 541 3948; x_wconf 76' lang='lat' dir='ltr'><strong>mores</strong></span> <span class='ocrx_word' id='word_1_270' title='bbox 553 3883 702 3968; x_wconf 72' lang='lat' dir='ltr'><strong>fiopuot.</strong></span> <span class='ocrx_word' id='word_1_271' title='bbox 719 3881 843 3946; x_wconf 90' lang='lat' dir='ltr'><strong>mimioo</strong></span> <span class='ocrx_word' id='word_1_272' title='bbox 858 3882 964 3947; x_wconf 84' lang='lat' dir='ltr'><strong>versui</strong></span> <span class='ocrx_word' id='word_1_273' title='bbox 980 3882 1171 3962; x_wconf 85' lang='lat' dir='ltr'><strong>elegantiam</strong></span> <span class='ocrx_word' id='word_1_274' title='bbox 1191 3883 1294 3966; x_wconf 84' lang='lat' dir='ltr'><strong>magis</strong></span> <span class='ocrx_word' id='word_1_275' title='bbox 1316 3903 1414 3966; x_wconf 88' lang='lat' dir='ltr'><strong>quam</strong></span> 
     </span>
     <span class='ocr_line' id='line_1_34' title="bbox 306 3982 1415 4071; baseline 0.001 -21"><span class='ocrx_word' id='word_1_276' title='bbox 306 3986 438 4069; x_wconf 81' lang='lat' dir='ltr'><strong>‘pingue</strong></span> <span class='ocrx_word' id='word_1_277' title='bbox 461 3982 613 4048; x_wconf 89' lang='lat' dir='ltr'><strong>orationis</strong></span> <span class='ocrx_word' id='word_1_278' title='bbox 635 3983 749 4063; x_wconf 85' lang='lat' dir='ltr'><strong>genus&#39;</strong></span> <span class='ocrx_word' id='word_1_279' title='bbox 771 3983 939 4049; x_wconf 86' lang='lat' dir='ltr'><strong>convenire</strong></span> <span class='ocrx_word' id='word_1_280' title='bbox 955 3983 1089 4049; x_wconf 79' lang='lat' dir='ltr'><strong>Carolus</strong></span> <span class='ocrx_word' id='word_1_281' title='bbox 1104 3985 1317 4071; x_wconf 91' lang='lat' dir='ltr'><strong>Nipperdeius</strong></span> <span class='ocrx_word' id='word_1_282' title='bbox 1339 4006 1415 4051; x_wconf 91' lang='lat' dir='ltr'><strong>con-</strong></span> 
     </span>
     <span class='ocr_line' id='line_1_35' title="bbox 308 4084 1416 4169; baseline -0.004 -13"><span class='ocrx_word' id='word_1_283' title='bbox 308 4086 423 4156; x_wconf 90' lang='lat' dir='ltr'><strong>cedere</strong></span> <span class='ocrx_word' id='word_1_284' title='bbox 446 4085 604 4161; x_wconf 85' lang='lat' dir='ltr'><strong>debebat‚</strong></span> <span class='ocrx_word' id='word_1_285' title='bbox 619 4084 681 4149; x_wconf 87' lang='lat' dir='ltr'><strong>nisi</strong></span> <span class='ocrx_word' id='word_1_286' title='bbox 703 4085 815 4164; x_wconf 86' lang='lat' dir='ltr'><strong>fallor,</strong></span> <span class='ocrx_word' id='word_1_287' title='bbox 832 4086 886 4169; x_wconf 90' lang='lat' dir='ltr'><strong>qui</strong></span> <span class='ocrx_word' id='word_1_288' title='bbox 913 4092 1022 4150; x_wconf 87' lang='lat' dir='ltr'><strong>contra</strong></span> <span class='ocrx_word' id='word_1_289' title='bbox 1044 4087 1233 4151; x_wconf 86' lang='lat' dir='ltr'><strong>sententiam</strong></span> <span class='ocrx_word' id='word_1_290' title='bbox 1254 4107 1359 4152; x_wconf 88' lang='lat' dir='ltr'><strong>meam</strong></span> <span class='ocrx_word' id='word_1_291' title='bbox 1382 4094 1416 4154; x_wconf 87' lang='lat' dir='ltr'><strong>et</strong></span> 
     </span>
     <span class='ocr_line' id='line_1_36' title="bbox 307 4184 1414 4272; baseline 0 -18"><span class='ocrx_word' id='word_1_292' title='bbox 307 4188 384 4255; x_wconf 86' lang='lat' dir='ltr'><strong>Allr.</strong></span> <span class='ocrx_word' id='word_1_293' title='bbox 399 4184 611 4251; x_wconf 87' lang='lat' dir='ltr'><strong>Fleckeisenii</strong></span> <span class='ocrx_word' id='word_1_294' title='bbox 633 4187 847 4268; x_wconf 88' lang='lat' dir='ltr'><strong>pronuntiavit</strong></span> <span class='ocrx_word' id='word_1_295' title='bbox 868 4188 1047 4271; x_wconf 90' lang='lat' dir='ltr'><strong>nuperrime</strong></span> <span class='ocrx_word' id='word_1_296' title='bbox 1069 4189 1102 4252; x_wconf 92' lang='lat' dir='ltr'><strong>in</strong></span> <span class='ocrx_word' id='word_1_297' title='bbox 1124 4189 1232 4255; x_wconf 91' lang='lat' dir='ltr'><strong>libello</strong></span> <span class='ocrx_word' id='word_1_298' title='bbox 1255 4209 1350 4272; x_wconf 87' lang='lat' dir='ltr'><strong>quem</strong></span> <span class='ocrx_word' id='word_1_299' title='bbox 1373 4188 1414 4254; x_wconf 94' lang='lat' dir='ltr'><strong>de</strong></span> 
     </span>
     <span class='ocr_line' id='line_1_37' title="bbox 308 4285 1414 4377; baseline 0.001 -22"><span class='ocrx_word' id='word_1_300' title='bbox 308 4286 456 4356; x_wconf 92' lang='lat' dir='ltr'><strong>Cornelio</strong></span> <span class='ocrx_word' id='word_1_301' title='bbox 483 4287 609 4369; x_wconf 88' lang='lat' dir='ltr'><strong>Nepote</strong></span> <span class='ocrx_word' id='word_1_302' title='bbox 641 4285 716 4352; x_wconf 87' lang='lat' dir='ltr'><strong>fecit</strong></span> <span class='ocrx_word' id='word_1_303' title='bbox 742 4309 772 4370; x_wconf 95' lang='lat' dir='ltr'><strong>p.</strong></span> <span class='ocrx_word' id='word_1_304' title='bbox 798 4293 863 4357; x_wconf 80' lang='lat'><strong>78:</strong></span> <span class='ocrx_word' id='word_1_305' title='bbox 891 4309 995 4371; x_wconf 90' lang='lat' dir='ltr'><strong>neque</strong></span> <span class='ocrx_word' id='word_1_306' title='bbox 1025 4289 1110 4354; x_wconf 90' lang='lat' dir='ltr'><strong>enim</strong></span> <span class='ocrx_word' id='word_1_307' title='bbox 1136 4290 1414 4377; x_wconf 86' lang='lat' dir='ltr'><strong>reprehendissem</strong></span> 
     </span>
     <span class='ocr_line' id='line_1_38' title="bbox 306 4386 1414 4476; baseline 0.004 -21"><span class='ocrx_word' id='word_1_308' title='bbox 306 4409 433 4456; x_wconf 80' lang='lat' dir='ltr'><strong>versum</strong></span> <span class='ocrx_word' id='word_1_309' title='bbox 455 4388 516 4453; x_wconf 90' lang='lat' dir='ltr'><strong>hcc</strong></span> <span class='ocrx_word' id='word_1_310' title='bbox 537 4386 632 4452; x_wconf 89' lang='lat' dir='ltr'><strong>modu</strong></span> <span class='ocrx_word' id='word_1_311' title='bbox 648 4389 819 4473; x_wconf 78' lang='lat' dir='ltr'><strong>scriptum,</strong></span> <span class='ocrx_word' id='word_1_312' title='bbox 835 4393 1008 4456; x_wconf 84' lang='lat' dir='ltr'><strong>Fortunam</strong></span> <span class='ocrx_word' id='word_1_313' title='bbox 1023 4394 1199 4458; x_wconf 73' lang='lat' dir='ltr'><strong>hommum</strong></span> <span class='ocrx_word' id='word_1_314' title='bbox 1217 4417 1325 4476; x_wconf 29' lang='lat' dir='ltr'><strong>,mores</strong></span> <span class='ocrx_word' id='word_1_315' title='bbox 1347 4395 1414 4460; x_wconf 77' lang='lat' dir='ltr'><strong>cui·</strong></span> 
     </span>
     <span class='ocr_line' id='line_1_39' title="bbox 308 4489 1414 4579; baseline 0.002 -21"><span class='ocrx_word' id='word_1_316' title='bbox 308 4517 367 4579; x_wconf 84' lang='lat' dir='ltr'><strong>quo</strong></span> <span class='ocrx_word' id='word_1_317' title='bbox 389 4491 466 4556; x_wconf 85' lang='lat' dir='ltr'><strong>dom</strong></span> <span class='ocrx_word' id='word_1_318' title='bbox 487 4492 563 4554; x_wconf 78' lang='lat' dir='ltr'><strong>sui.</strong></span> <span class='ocrx_word' id='word_1_319' title='bbox 585 4489 618 4553; x_wconf 91' lang='lat' dir='ltr'><strong>in</strong></span> <span class='ocrx_word' id='word_1_320' title='bbox 640 4491 774 4573; x_wconf 87' lang='lat' dir='ltr'><strong>Vergilii</strong></span> <span class='ocrx_word' id='word_1_321' title='bbox 796 4492 910 4574; x_wconf 83' lang='lat' dir='ltr'><strong>ecloga</strong></span> <span class='ocrx_word' id='word_1_322' title='bbox 932 4517 987 4572; x_wconf 87' lang='lat' dir='ltr'><strong>vn,</strong></span> <span class='ocrx_word' id='word_1_323' title='bbox 1002 4500 1046 4563; x_wconf 81' lang='lat'><strong>54</strong></span> <span class='ocrx_word' id='word_1_324' title='bbox 1066 4493 1140 4559; x_wconf 85' lang='lat' dir='ltr'><strong>libri</strong></span> <span class='ocrx_word' id='word_1_325' title='bbox 1162 4512 1273 4558; x_wconf 88' lang='lat' dir='ltr'><strong>omnes</strong></span> <span class='ocrx_word' id='word_1_326' title='bbox 1295 4498 1326 4558; x_wconf 92' lang='lat' dir='ltr'><strong>et</strong></span> <span class='ocrx_word' id='word_1_327' title='bbox 1346 4495 1414 4560; x_wconf 87' lang='lat' dir='ltr'><strong>No-</strong></span> 
     </span>
     <span class='ocr_line' id='line_1_40' title="bbox 307 4593 1413 4683; baseline 0.005 -25"><span class='ocrx_word' id='word_1_328' title='bbox 307 4593 379 4659; x_wconf 81' lang='lat' dir='ltr'><strong>nius</strong></span> <span class='ocrx_word' id='word_1_329' title='bbox 400 4612 431 4676; x_wconf 88' lang='lat' dir='ltr'><strong>p.</strong></span> <span class='ocrx_word' id='word_1_330' title='bbox 448 4596 510 4660; x_wconf 69' lang='lat'><strong>326</strong></span> <span class='ocrx_word' id='word_1_331' title='bbox 526 4595 759 4662; x_wconf 71' lang='lat' dir='ltr'><strong>eracemum</strong></span> <span class='ocrx_word' id='word_1_332' title='bbox 779 4597 883 4660; x_wconf 72' lang='lat' dir='ltr'><strong>taceat</strong></span> <span class='ocrx_word' id='word_1_333' title='bbox 897 4600 1021 4682; x_wconf 81' lang='lat' dir='ltr'><strong>purtim</strong></span> <span class='ocrx_word' id='word_1_334' title='bbox 1042 4622 1103 4663; x_wconf 79' lang='lat' dir='ltr'><strong>ouo</strong></span> <span class='ocrx_word' id='word_1_335' title='bbox 1124 4621 1266 4683; x_wconf 83' lang='lat' dir='ltr'><strong>quaeque</strong></span> <span class='ocrx_word' id='word_1_336' title='bbox 1287 4597 1345 4662; x_wconf 79' lang='lat' dir='ltr'><strong>sub</strong></span> <span class='ocrx_word' id='word_1_337' title='bbox 1360 4622 1413 4663; x_wconf 78' lang='lat' dir='ltr'><strong>cr·</strong></span> 
     </span>
     <span class='ocr_line' id='line_1_41' title="bbox 220 4693 1412 4787; baseline 0.005 -28"><span class='ocrx_word' id='word_1_338' title='bbox 220 4766 223 4771; x_wconf 59' lang='grc'>,</span> <span class='ocrx_word' id='word_1_339' title='bbox 307 4697 378 4761; x_wconf 80' lang='lat' dir='ltr'><strong>bore</strong></span> <span class='ocrx_word' id='word_1_340' title='bbox 389 4718 504 4782; x_wconf 82' lang='lat' dir='ltr'><strong>pomo.</strong></span> <span class='ocrx_word' id='word_1_341' title='bbox 520 4693 631 4760; x_wconf 88' lang='lat' dir='ltr'><strong>Cicero</strong></span> <span class='ocrx_word' id='word_1_342' title='bbox 647 4695 688 4760; x_wconf 90' lang='lat' dir='ltr'><strong>de</strong></span> <span class='ocrx_word' id='word_1_343' title='bbox 700 4700 824 4762; x_wconf 84' lang='lat' dir='ltr'><strong>oratore</strong></span> <span class='ocrx_word' id='word_1_344' title='bbox 838 4697 921 4763; x_wconf 88' lang='lat' dir='ltr'><strong>libro</strong></span> <span class='ocrx_word' id='word_1_345' title='bbox 936 4721 982 4778; x_wconf 87' lang='lat' dir='ltr'><strong>m,</strong></span> <span class='ocrx_word' id='word_1_346' title='bbox 994 4702 1057 4767; x_wconf 74' lang='lat'><strong>216</strong></span> <span class='ocrx_word' id='word_1_347' title='bbox 1073 4698 1162 4785; x_wconf 78' lang='lat' dir='ltr'><strong>(vom)</strong></span> <span class='ocrx_word' id='word_1_348' title='bbox 1174 4712 1268 4765; x_wconf 84' lang='lat' dir='ltr'><strong>acuta</strong></span> <span class='ocrx_word' id='word_1_349' title='bbox 1279 4701 1412 4787; x_wconf 55' lang='lat' dir='ltr'><strong>pravis&gt;</strong></span> 
     </span>
    </p>
   </div>
   <div class='ocr_carea' id='block_1_3' title="bbox 922 5032 1304 5093">
    <p class='ocr_par' dir='ltr' id='par_1_4' title="bbox 922 5032 1304 5093">
     <span class='ocr_line' id='line_1_42' title="bbox 922 5032 1304 5093; baseline 0 0"><span class='ocrx_word' id='word_1_350' title='bbox 922 5046 1024 5093; x_wconf 56' lang='lat' dir='ltr'><strong>&#39;urk-</strong></span> <span class='ocrx_word' id='word_1_351' title='bbox 1035 5062 1055 5087; x_wconf 73' lang='grc' dir='ltr'><strong><em>ὀ</em></strong></span> <span class='ocrx_word' id='word_1_352' title='bbox 1100 5040 1211 5093; x_wconf 50' lang='lat' dir='ltr'><strong>&#39;lulium</strong></span> <span class='ocrx_word' id='word_1_353' title='bbox 1302 5032 1304 5037; x_wconf 33' lang='grc' dir='ltr'>Ι</span> 
     </span>
    </p>
   </div>
   <div class='ocr_carea' id='block_1_4' title="bbox 0 0 1760 5442">
    <p class='ocr_par' dir='ltr' id='par_1_5' title="bbox 0 0 1760 5442">
     <span class='ocr_line' id='line_1_43' title="bbox 0 0 1760 5442; baseline 0 0"><span class='ocrx_word' id='word_1_354' title='bbox 0 0 1760 5442; x_wconf 95' lang='lat' dir='ltr'><strong> </strong></span> 
     </span>
    </p>
   </div>
  </div>
 </body>
</html>
