3509 5442
850 560 894 624 111
1362 564 1427 628 379

315 725 462 791 calabium
473 725 608 812 faciant
630 753 732 814 aquae
754 741 869 793 tactum
891 743 983 815 atque
1006 753 1175 815 vaporem,
1202 728 1257 795 ubi
1283 729 1428 794 inlibris

319 827 440 891 nostris
462 834 511 894 est
533 833 637 896 laricis
660 845 793 895 tactam.
813 828 894 892 illud
908 835 1013 893 autem
1027 829 1136 895 Bedae
1151 828 1343 895 credendum
1365 851 1429 895 non

319 934 391 1006 est,
413 929 502 1011 quod
514 932 658 997 vocalem
674 932 823 1007 brevem,
839 949 923 1012 quae
938 958 957 1016 q
974 936 1005 996 et
1020 957 1041 997 e
1057 938 1088 995 et
1102 931 1204 996 vocali
1220 932 1361 1014 qualibet
1375 951 1429 996 ex-

320 1031 496 1114 ciperetur,
510 1038 632 1098 veteres
648 1049 848 1098 communem
864 1051 934 1096 esse
948 1031 1088 1096 voluisse
1103 1021 1228 1098 scribit:
1244 1052 1348 1115 neque
1363 1051 1430 1096 cre-

321 1130 422 1197 dibile
442 1138 489 1197 est
508 1139 574 1198 tam
593 1134 731 1199 anticum
750 1138 876 1217 poetam
899 1150 937 1196 eo
953 1152 1045 1196 usum
1060 1153 1133 1200 esse
1148 1133 1235 1216 quod
1249 1133 1431 1218 grammati-

321 1252 379 1297 cus
401 1231 612 1300 Eichenfeldii
633 1257 664 1319 p.
676 1240 740 1302 444
761 1240 922 1315 tamquam
945 1234 1115 1301 barbarum
1137 1235 1245 1315 reicit,
1266 1256 1337 1300 cum
1357 1234 1432 1300 dicit

322 1359 410 1420 aqua
420 1384 430 1416 ,
446 1359 508 1400 coa
522 1361 645 1422 acqua.
665 1339 714 1401 est
735 1335 830 1417 igitur
853 1334 1054 1401 scribendum
1076 1350 1178 1423 aqr'iae
1200 1343 1232 1401 et
1253 1336 1431 1424 11911111λί-

322 1434 441 1500 militer
455 1437 626 1520 Horatius,
646 1437 737 1519 isque
753 1457 835 1501 unus
850 1437 934 1501 inter
949 1457 1079 1516 omnes,
1099 1442 1202 1504 siluae
1219 1438 1319 1503 tribus
1336 1439 1430 1522 sylla·

324 1535 374 1601 bis
397 1535 496 1620 dixit,
519 1536 669 1620 idemque
691 1558 709 1604 e
732 1539 889 1604 contrario
913 1541 1035 1604 lorcam
1057 1559 1140 1621 quae
1163 1539 1275 1605 Plauto
1298 1545 1329 1603 et
1345 1538 1433 1602 Pria·

323 1636 377 1720 pei
392 1641 435 1704 33
456 1644 571 1720 poetae
593 1641 688 1704 larua
709 1645 777 1716 est,
796 1637 988 1704 Adamantio
1009 1640 1149 1704 Putschii
1171 1661 1202 1724 p.
1215 1644 1299 1708 2304
1322 1640 1432 1720 larba,

323 1737 401 1802 item
422 1739 555 1804 maleum
576 1739 790 1821 antiquiores,
811 1741 941 1804 milvum
961 1742 1089 1806 Persius
1107 1741 1260 1805 Martialis
1274 1739 1434 1804 luvenalis

325 1838 375 1924 (in
398 1837 578 1905 halieuticis
593 1846 634 1910 95
657 1840 857 1906 scribendum
880 1843 943 1906 i'ali
962 1862 979 1905 e
995 1842 1134 1928 Plinio),
1156 1848 1188 1906 et
1200 1841 1351 1927 Plautus,
1372 1839 1433 1904 nisi

325 1938 444 2021 fallor,
459 1966 572 2006 cauom
585 1942 796 2024 aliquotiens,
812 1947 847 2007 ut
861 1942 896 2007 in
909 1943 1100 2009 Truculento
1114 1967 1148 2025 11,
1162 1949 1190 2022 7,
1206 1948 1244 2010 13
1259 1943 1338 2006 Nisi
1351 1941 1433 2005 dari-

326 2048 417 2108 vatrir
440 2056 542 2108 tamea
552 2093 561 2126 ,
577 2047 677 2108 omnis
700 2049 737 2108 ia
758 2056 844 2130 aqria
862 2047 1003 2109 abactio
1018 2071 1124 2127 mare,
1141 2045 1175 2108 in
1189 2043 1288 2108 Milite
1303 2065 1337 2120 11,
1349 2047 1379 2118 6,
1394 2046 1432 2108 ll

326 2145 415 2208 Nam
430 2167 470 2208 ca
484 2169 546 2210 arro
558 2159 651 2231 puteo
665 2147 802 2210 similior
819 2170 989 2230 numquam
998 2151 1084 2232 potae
1095 2149 1209 2232 Aquae
1221 2152 1323 2231 ‹iqtiae
1333 2144 1449 2224 cumi,

328 2270 425 2330 qaam
447 2247 522 2311 bace
544 2260 589 2311 ast
610 2261 703 2333 atqua
726 2249 788 2311 ista
803 2248 946 2331 hospita.
962 2246 1100 2330 denique
1116 2248 1171 2330 qui
1185 2252 1234 2311 est
1248 2265 1269 2310 a
1284 2245 1436 2311 Cicerone

327 2346 362 2411 in
384 2346 637 2411 Tusculanarum
659 2354 734 2426 1,10
760 2347 883 2430 positus
912 2347 953 2412 de
975 2351 1112 2415 Tantalo
1140 2347 1341 2425 versiculus,
1364 2365 1435 2409 eum

328 2468 442 2514 omnes
456 2456 602 2514 auctores
623 2447 668 2513 ita
690 2449 842 2532 seriptum
863 2448 963 2516 fuisse
985 2453 1204 2534 consentiunt,
1228 2452 1333 2514 Mento
1355 2473 1436 2512 sam-

329 2576 414 2616 mam
430 2562 547 2637 aqilam
561 2552 736 2637 attiapeaa,
754 2565 875 2615 euectus
891 2555 964 2616 ciri.
980 2573 1084 2634 neque
1099 2553 1190 2617 aliter
1202 2550 1336 2615 Titinius
1350 2549 1438 2634 apud

329 2651 471 2717 Nonium
485 2672 516 2735 p.
528 2655 653 2735 245,31
673 2653 704 2715 T
701 2657 772 2715 irre
793 2654 868 2716 baec
889 2667 952 2735 eat,
973 2679 1035 2718 aaa
1051 2666 1156 2740 apia,
1176 2654 1234 2716 abi
1246 2677 1278 2716 ec
1294 2651 1368 2735 (hoc
1382 2648 1439 2713 ad-

329 2752 413 2840 didi)
428 2768 462 2819 ta
473 2755 583 2819 solatas
594 2756 775 2839 arputarier
786 2755 926 2820 Pedibus
936 2805 945 2837 ,
957 2770 1073 2821 cretam
1085 2756 1160 2820 dum
1171 2754 1340 2839 comparari
1351 2749 1439 2834 (libri

329 2855 535 2942 compesces),
555 2857 735 2920 vestimenta
757 2857 816 2939 qai
835 2857 920 2921 laves
942 2856 1029 2940 (libri
1051 2881 1110 2942 que
1133 2854 1252 2939 levae).

419 2961 493 3026 554.
525 2955 577 3020 Ur
606 2976 794 3018 mcrnrun
827 2978 925 3026 acue
958 2980 1101 3021 rcucru
1135 2978 1287 3028 Quoque
1321 2977 1438 3018 ineas

332 3078 534 3124 vxcrncss.
564 3059 699 3122 Varillat
722 3063 882 3122 corrector
904 3058 1036 3143 oblongi
1058 3064 1089 3122 et
1104 3058 1180 3123 olim
1194 3057 1363 3141 impressi,
1386 3082 1439 3120 vo»

331 3163 419 3228 ciliae
432 3157 609 3224 Antonius:
626 3179 829 3220 vacrunsus
850 3166 1008 3224 corrector
1028 3158 1175 3242 quadrati
1197 3165 1229 3224 et
1243 3157 1418 3224 Aventius.

419 3269 492 3331 555.
521 3258 574 3324 Ur
601 3280 669 3322 vas
700 3281 810 3322 runnu
838 3283 911 3324 uos
939 3284 1030 3333 Qurr
1058 3284 1266 3326 censesne.
1292 3262 1333 3326 Ia
1355 3274 1441 3325 terra

332 3364 509 3441 Marullus,
533 3361 601 3426 sine
624 3381 739 3426 sensu.
761 3361 984 3429 Wakefieldus
1005 3364 1111 3448 inepte
1132 3368 1214 3429 ieter
1235 3389 1311 3429 ace.
1331 3381 1441 3427 verum

334 3475 385 3535 est
404 3487 517 3530 rurae
538 3485 634 3527 auu.
656 3461 750 3526 nimis
771 3465 908 3530 breviter
928 3467 1058 3533 Servius
1080 3466 1123 3530 ad
1144 3465 1319 3548 georgicon
1334 3488 1367 3543 11,
1378 3468 1442 3530 419

334 3571 410 3637 Alii
428 3592 544 3654 aquam
566 3565 674 3630 dicuat
695 3567 864 3651 percitaiern
886 3570 943 3632 aab
965 3573 1059 3635 terrie
1080 3571 1201 3633 moveri
1224 3581 1252 3632 et
1272 3568 1368 3631 mmai
1389 3590 1443 3630 eea

334 3683 516 3750 concutere,
531 3669 612 3732 abac
633 3691 689 3730 vac
712 3691 834 3754 cquae,
850 3683 885 3733 ui
900 3670 978 3735 dicit
991 3671 1178 3734 Lacr-eries.
1195 3686 1278 3749 quae
1295 3666 1444 3732 exscribit

334 3771 479 3838 Isidorus
498 3767 655 3848 originum
671 3790 735 3850 xiv,
751 3774 787 3834 l.

423 3877 496 3941 558.
519 3892 561 3934 nr
585 3892 722 3934 ueces.
747 3870 949 3936 Correetores
971 3869 1092 3951 antiqui
1115 3891 1255 3933 cneci.

424 3979 497 4042 563.
531 3973 733 4035 Ixccmnra
765 3994 901 4036 nixexr
935 3997 971 4035 ru
1004 3995 1130 4036 anunm
1163 3993 1325 4035 pecoris
1356 3993 1440 4034 ene·

337 4096 609 4146 ramanae.
627 4073 809 4152 Quadratus
826 4076 938 4161 prodit
956 4089 1080 4162 partem
1097 4100 1227 4160 aquea,
1244 4080 1278 4137 ut
1292 4079 1446 4155 appareat

336 4178 503 4245 librarium
529 4177 585 4241 illa
607 4202 732 4263 capp.
755 4197 821 4241 nou
846 4176 1068 4254 intellexisse,
1091 4195 1174 4258 quae
1196 4175 1393 4240 Veronensis
1415 4181 1446 4238 et

337 4283 481 4347 Venetus
506 4280 551 4344 ita
572 4279 691 4363 scripta
713 4278 885 4362 exhibent,
909 4308 930 4345 a
944 4306 965 4345 a
979 4284 1007 4346 ii
1020 4308 1071 4367 q.,
1095 4277 1269 4344 omiserunt
1289 4276 1446 4341 Antonius

337 4387 370 4447 et
390 4378 590 4448 Brixiensis:
611 4402 717 4465 neque
739 4403 800 4465 ego
829 4381 906 4464 quid
932 4402 989 4465 per
1017 4402 1057 4447 ea
1078 4378 1273 4462 significetur
1294 4384 1446 4461 exputare

335 4501 494 4572 possum.
518 4485 580 4552 hoe
602 4485 692 4568 scio,
714 4485 809 4548 finem
832 4485 971 4567 paginae
993 4484 1086 4549 huius
1108 4483 1179 4548 libri
1201 4481 1375 4564 vigesimae
1397 4497 1447 4543 se·

335 4587 468 4657 eundae
489 4588 522 4652 in
544 4589 654 4654 codice
676 4589 806 4670 antiquo
825 4606 890 4651 non
905 4586 957 4650 hic
971 4585 1090 4664 trisse,
1114 4584 1173 4650 sed
1192 4583 1289 4669 paulo
1305 4589 1379 4647 ante
1395 4578 1449 4643 ubi

335 4699 391 4760 est
412 4692 580 4778 metanoea
600 4694 722 4759 arrae
744 4691 847 4757 aaa.
862 4708 968 4773 neque
983 4709 1079 4768 vero,
1099 4686 1200 4773 siquis
1213 4684 1267 4752 lric
1281 4690 1375 4750 notae
1389 4681 1448 4747 ali-
