3509 5442
858 550 1064 650 6Ι
1371 554 1435 620 sor

319 722 386 787 668
400 767 409 801 ,
426 719 551 805 Perque
564 744 653 785 mare
667 744 705 784 ac
720 732 823 783 terras
837 711 974 802 rapidus
983 741 1173 802 percurrere
1188 719 1297 802 turbo,
1311 723 1343 785 et
1354 707 1436 785 661-

320 838 441 885 nerone
452 820 485 884 in
496 843 533 884 111
543 820 755 886 accusationis
769 824 830 889 100
842 871 850 897 ,
865 844 941 884 nam
950 843 1012 905 per
1024 843 1128 883 omnes
1139 821 1279 885 cios'tctes
1291 845 1372 906 quae
1384 821 1434 887 de-

321 947 434 986 cumas
454 925 566 988 tabent
580 925 742 1010 percurrit
757 925 857 987 oratio
872 946 960 986 mea.
978 920 1023 984 sie
1037 920 1070 983 in
1085 922 1190 985 Aetna
1201 926 1242 990 98
1258 936 1351 1008 atque
1366 927 1434 988 cni-

303 1026 440 1088 ·mantr's
451 1026 516 1089 Per
527 1038 590 1088 tota
601 1037 741 1088 errantes
749 1035 943 1110 percurrunt
953 1046 1085 1107 corpora
1097 1047 1208 1089 cenae.
1221 1023 1268 1088 sie
1276 1022 1435 1090 Vitruvius

321 1125 356 1190 in
367 1147 437 1209 v111,
451 1131 480 1205 3,
492 1131 513 1193 2
525 1151 585 1212 per
596 1127 723 1211 ionpum
734 1128 871 1211 spatium
884 1137 986 1189 terroe
997 1139 1237 1208 percurrentes,
1252 1131 1270 1193 l
1283 1127 1435 1213 quodper

322 1243 428 1294 terrae
440 1229 562 1295 dulcem
573 1252 683 1293 sucum
689 1230 852 1313 percurrit
864 1275 871 1290 .
885 1226 960 1290 item
969 1229 1029 1292 26.
1046 1225 1163 1307 quibus
1174 1227 1278 1292 simile
1289 1234 1338 1293 est
1349 1229 1435 1310 quod

323 1328 472 1395 Handius
486 1329 520 1393 in
534 1327 707 1394 Tursellini
721 1335 807 1394 tomo
824 1351 856 1390 6
871 1349 902 1412 p.
911 1331 974 1394 432
990 1328 1120 1410 protulit
1134 1348 1174 1393 ex
1186 1330 1335 1397 Caesaris
1349 1332 1434 1396 bello

323 1432 452 1498 Gallico
460 1454 502 1516 ιν,
509 1438 565 1511 33,
573 1434 680 1519 primo
683 1457 745 1518 per
754 1456 858 1496 omncs
865 1443 975 1515 partes
981 1431 1282 1516 perequr'tant.item
1290 1451 1329 1498 eo
1339 1432 1434 1498 modo

323 1535 447 1600 Caesar
460 1534 494 1598 in
508 1554 621 1599 comm.
634 1555 688 1617 vn,
698 1539 739 1603 66
755 1535 884 1618 quinon
895 1533 1011 1617 disper
1022 1557 1133 1618 apmen
1145 1537 1278 1600 bostium
1286 1538 1434 1622 perequi-

322 1649 462 1701 tassent.
483 1656 547 1701 non
562 1635 656 1700 aliter
671 1635 820 1699 Lucanus
835 1656 890 1712 vn,
902 1637 964 1701 341
987 1649 1143 1720 totumque
1153 1661 1214 1722 per
1229 1662 1341 1722 apmen
1356 1640 1433 1704 Sueb-

323 1739 399 1805 timu·
404 1752 570 1824 peruectus
582 1762 659 1822 equo
671 1787 678 1820 ,
698 1736 810 1802 Cicero
826 1734 866 1802 de
880 1741 1005 1800 oratore
1020 1759 1041 1813 1,
1051 1739 1113 1803 222
1122 1754 1280 1825 peraprot
1290 1765 1350 1825 per
1365 1745 1434 1806 ani-

321 1864 390 1906 mos
402 1842 579 1922 dominum,
592 1838 753 1905 Vitruvius
764 1844 826 1917 6,6
839 1841 966 1925 penetus
977 1839 1063 1924 ipnr's
1074 1852 1102 1902 et
1102 1840 1255 1923 flammae
1266 1867 1367 1928 vapor
1374 1869 1434 1929 per

322 1943 500 2007 intervenia
506 1966 717 2027 permanans,
729 1942 841 2020 in11,8,
850 1945 890 2008 12
902 1943 1008 2026 opinio
1016 1965 1076 2026 per
1085 1942 1186 2005 orbem
1198 1956 1433 2031 terrarumpeu

321 2058 461 2131 sapato.
477 2061 537 2107 666
552 2043 698 2110 mirabile
713 2050 762 2110 est
773 2067 978 2130 perrumpere
993 2040 1103 2107 addita
1118 2042 1189 2108 viae
1204 2043 1433 2125 significatione

323 2145 412 2230 apud
426 2143 539 2210 Silium
553 2145 697 2211 Italicum
711 2147 743 2210 in
760 2169 815 2224 xn,
827 2151 890 2215 698
904 2195 911 2222 ,
933 2147 1066 2210 etramne
1083 2147 1214 2230 parabit
1228 2148 1364 2212 Nostrae
1378 2151 1419 2214 dt
1500 2220 1503 2225 ,

323 2249 451 2331 domos,
463 2261 587 2313 nostras
597 2273 803 2334 perrumpere
813 2250 849 2312 u'n
860 2248 971 2311 arces?
983 2253 1015 2312 et
1025 2246 1058 2309 in
1069 2267 1134 2329 xiv,
1144 2250 1206 2314 522
1218 2248 1434 2336 Perrumpunt

324 2349 606 2437 [merquuardus
623 2353 733 2437 prima
753 2350 883 2416 reclusit
897 2349 1147 2434 Monstravitque
1161 2352 1266 2414 uiam.
1287 2350 1345 2415 sed
1356 2375 1433 2438 per-

324 2456 432 2520 uenire
447 2450 611 2530 absolute,
632 2455 667 2514 ut
689 2456 773 2517 esset
794 2450 905 2516 venire
928 2470 990 2532 quo
1011 2450 1126 2532 aliquis
1140 2451 1353 2538 perrexisset,
1370 2456 1434 2519 Lu-

325 2555 442 2622 cretius
465 2553 543 2618 satis
557 2553 731 2618 insolenter
747 2551 826 2616 dixit
839 2553 873 2616 in
887 2551 948 2616 hoo
962 2552 1044 2617 libro
1056 2558 1119 2622 383
1134 2552 1198 2630 ita,
1221 2556 1309 2621 Unde
1324 2559 1434 2623 colans

323 2660 411 2745 rjqur‘s
429 2658 626 2743 peruenerit,
646 2654 680 2718 id
702 2660 751 2720 est
773 2654 834 2717 huc
848 2653 1047 2737 pervenerit,
1064 2659 1095 2717 et
1110 2653 1253 2719 similiter
1266 2656 1300 2720 in
1314 2679 1357 2735 1v,
1371 2662 1433 2728 285
1532 2692 1536 2698 r

325 2765 410 2842 5543
433 2777 492 2824 nec
514 2763 620 2823 tamen
643 2757 751 2823 solus:
774 2776 848 2821 nam
870 2757 904 2819 in
927 2755 1060 2837 Vergilii
1082 2756 1196 2838 ecloga
1210 2761 1286 2839 rx,2
1308 2758 1434 2839 ingrata

325 2866 400 2927 sunt
423 2880 506 2942 quae
529 2859 675 2926 homines
698 2859 783 2924 docti
805 2857 1103 2941 comminiscuntur,
1120 2863 1155 2922 ut
1168 2857 1244 2922 mihi
1260 2861 1432 2926 tenendum

324 2962 470 3029 videatur
485 2961 569 3044 quod
583 2961 656 3027 libri
671 2967 794 3028 veteres
808 2961 982 3044 praebent,
999 2960 1186 3045 Ochr'de,
1208 2964 1277 3027 oicu'
1288 2968 1432 3048 perueni-

324 3091 415 3147 mus,
430 3065 553 3129 aduena
566 3067 669 3130 nostri
678 3064 784 3147 (Quod
797 3087 969 3147 numquam
984 3062 1080 3125 ueriti
1090 3063 1211 3145 sumus)
1226 3076 1261 3126 ut
1271 3088 1434 3148 possessor

325 3168 428 3253 apelli
439 3168 566 3232 Dr'ceret
586 3167 668 3232 ‘daec
687 3190 756 3230 mea
775 3163 874 3229 sunt'.
895 3164 1068 3249 perducere
1090 3182 1187 3240 vers,
1209 3163 1242 3226 in
1265 3184 1328 3244 quo
1350 3165 1433 3231 inest

324 3269 429 3346 actio,
445 3267 554 3332 dubito
570 3286 612 3332 66
626 3287 690 3331 666
704 3265 806 3351 possit
819 3264 865 3329 ita
880 3262 961 3330 dici.
977 3271 1061 3330 certe
1075 3265 1243 3331 Lucretius
1256 3265 1289 3329 in
1305 3286 1334 3349 v,
1351 3271 1431 3336 1027

323 3368 359 3433 16
374 3389 472 3434 ansus
488 3390 552 3433 non
572 3376 640 3454 est,
663 3368 721 3434 scd
743 3367 869 3451 scripsit
891 3386 956 3431 non
979 3366 1047 3431 sine
1070 3365 1339 3433 demonstratione
1361 3368 1433 3435 finis

324 3473 392 3537 Nec
405 3474 556 3557 potuisset
570 3471 675 3537 adhue
687 3472 859 3557 perducere
870 3471 976 3534 saecla
985 3493 1132 3555 propapo
1144 3519 1151 3532 .
1164 3490 1269 3551 neque
1280 3469 1433 3536 credibile

323 3572 451 3638 videtur
472 3578 527 3638 aut
548 3574 707 3640 aGatullo
731 3591 802 3639 esse
825 3572 905 3636 6666
927 3576 1055 3648 loss,
1085 3573 1126 3636 Ut
1148 3573 1240 3638 liceat
1260 3574 1348 3638 nobes
1370 3586 1433 3638 tota

318 3675 496 3760 perducere
512 3680 577 3743 cito
591 3678 762 3743 Aeternum
783 3677 839 3740 dioc
861 3686 990 3738 sanctae
1001 3673 1123 3757 foedus
1146 3674 1323 3756 amicu'trae,
1344 3679 1433 3737 auta

323 3777 489 3860 Propertio
504 3801 526 3857 1,
538 3784 567 3863 3,
580 3783 622 3860 39
637 3779 664 3846 O
678 3781 800 3843 utinam
822 3778 900 3841 tales
915 3773 1096 3860 perducas,
1112 3775 1270 3860 improbe,
1287 3788 1409 3840 noctes.

411 3880 484 3948 329.
506 3902 612 3945 mss.
637 3880 723 3946 Alibi
743 3877 841 3944 iidem
863 3876 937 3941 libri
959 3897 1086 3939 6661.
1103 3874 1161 3941 666
1175 3875 1256 3941 6666
1271 3895 1351 3940 6666
1367 3897 1431 3942 666

324 3977 476 4046 differunt
495 3980 530 4046 in
551 3982 651 4065 longa
670 3981 795 4049 vocali.
812 3981 928 4045 dimisa
951 3977 1127 4059 quadratis
1147 3976 1181 4040 in
1194 3998 1240 4061 111,
1253 3983 1315 4048 366
1329 4028 1336 4042 .
1351 3979 1386 4044 in
1400 4001 1431 4059 v,

324 4086 387 4151 629
403 4083 563 4166 oblongus
578 4084 747 4167 demiretur,
763 4083 909 4148 dr'mr'sr'or
925 4078 1118 4161 quadrans.
1135 4080 1205 4145 sine
1219 4079 1285 4145 ullo
1301 4079 1344 4146 ad
1359 4103 1432 4166 pro·

324 4183 556 4252 nuntiationem
583 4186 796 4252 emolumento
823 4188 947 4250 veteres
974 4181 1168 4265 scripserunt
1197 4206 1311 4250 caussa
1339 4211 1432 4252 cursu

324 4311 493 4353 comessum
515 4290 607 4354 cessit
627 4291 725 4354 ussit.

409 4393 482 4457 335.
505 4390 652 4453 061666
674 4409 775 4460 6666
799 4407 940 4450 666616
962 4425 1003 4433 -
1026 4409 1199 4452 666666.
1222 4388 1293 4453 Itali
1314 4410 1431 4451 6666-

324 4512 415 4556 666.
436 4490 494 4556 sed
514 4490 596 4555 illud
619 4491 704 4576 quod
723 4488 809 4554 unde
830 4486 970 4572 pendeat
990 4489 1069 4555 nihil
1091 4495 1159 4556 est.
1180 4510 1257 4573 ergo
1278 4489 1431 4554 iaciemus

323 4593 377 4658 Ar>
384 4615 431 4655 66
453 4594 539 4679 quod
549 4617 559 4656 .·
576 4593 637 4658 666
659 4591 744 4659 enim
767 4591 848 4656 solet
869 4592 914 4655 ita
935 4598 1078 4675 repetere
1093 4591 1259 4657 Lucretius
1272 4639 1280 4654 .
1295 4590 1368 4656 vide
1384 4612 1430 4674 111,

323 4699 387 4764 828
403 4698 563 4766 8291036
582 4699 662 4764 1031
684 4716 728 4774 1v,
743 4696 823 4760 1121
842 4696 925 4760 1122
946 4716 989 4771 vr,
1001 4698 1062 4762 611
1080 4698 1152 4763 613.
