3509 5442
247 581 250 584 ·
313 556 381 624 ¹150
848 552 894 617 111

320 725 529 807 grammatica
556 724 746 790 Germanica
766 729 787 786 t.
809 746 846 786 1n
861 743 891 805 p.
906 727 967 791 745
986 747 993 786 ι
1014 720 1159 786 Handius
1188 721 1309 786 flustra
1334 728 1418 803 negat

321 827 493 892 Tursellini
514 833 536 890 t.
551 850 584 889 1v
599 848 630 910 p.
645 832 704 894 167
729 833 760 889 et
774 831 856 894 255.
874 831 1011 888 ceterum
1027 824 1141 888 Lucilii
1156 843 1269 888 versus
1292 823 1326 888 in
1346 823 1419 888 hunc

323 927 451 991 medum
462 927 584 992 restitui
598 927 712 1004 debet,
728 927 793 992 Sed
802 942 904 991 tomen
920 928 974 990 boc
990 926 1079 989 dicos
1091 926 1172 1011 qaid
1185 939 1270 1003 rect,
1286 929 1321 990 ai
1330 949 1419 990 coena
1466 950 1471 981 1

322 1030 523 1111 molestarent,
536 1049 607 1092 cum
622 1028 655 1091 in
665 1028 755 1094 libris
771 1028 811 1093 sit
822 1029 902 1113 qaid
916 1043 980 1093 eet:
995 1048 1070 1092 nam
1081 1026 1241 1091 Lucilium
1252 1052 1289 1092 re
1301 1026 1419 1103 dixisse,

324 1148 388 1194 non
400 1125 724 1212 νοίμονοσυλλάβως,
737 1129 937 1194 manifestum
949 1128 1419 1212 estexNoniop.500,llet21.
1466 1164 1468 1170 =

321 1258 457 1297 coenam
476 1239 603 1316 praeter
616 1232 791 1297 Varronem
807 1233 938 1295 Plautus
961 1250 1088 1313 quoque
1110 1230 1190 1294 dixit
1210 1229 1245 1292 111
1266 1229 1422 1294 Aulularia

325 1357 346 1411 1,
361 1337 437 1410 1,28
449 1337 592 1400 Noenum
602 1347 767 1416 mecastor,
780 1333 860 1418 qaid
870 1358 925 1420 eqo
938 1357 989 1397 ero
1001 1331 1104 1396 decom
1116 1357 1246 1414 meo,—
1257 1332 1344 1410 Quae
1354 1355 1422 1396 com

325 1437 467 1499 miasbci:
479 1435 524 1499 ita
541 1434 625 1500 enim
636 1440 729 1498 vetus
744 1434 931 1512 camerarii,
943 1433 1005 1498 nisi
1021 1433 1107 1514 quod
1123 1432 1266 1499 ordinem
1282 1430 1424 1514 perverti
1470 1435 1471 1442 ’

324 1534 379 1612 ita,
392 1536 472 1621 qaid
482 1562 533 1602 ero
546 1562 617 1622 eqo.
630 1535 705 1600 dum
716 1535 796 1601 haec
812 1536 934 1613 scribo,
948 1533 1090 1598 adfertur
1101 1533 1329 1615 glossariolum
1341 1533 1424 1598 Plau·

326 1635 426 1699 tinum
445 1657 466 1700 a
481 1637 653 1704 Ritschelic
671 1637 789 1703 editum
805 1658 881 1703 vere
900 1637 994 1701 buius
1010 1635 1085 1699 anni
1100 1657 1298 1715 muccosum,
1316 1635 1349 1698 in
1370 1654 1424 1716 quo

326 1762 457 1803 meacm
473 1759 513 1804 ex
528 1739 694 1805 Aulularia
709 1745 794 1804 etex
809 1738 1021 1803 Bacchidibus
1036 1743 1177 1801 notatum
1194 1737 1305 1803 estin
1319 1735 1426 1801 nostris
1469 1788 1471 1793 .

327 1842 432 1902 autem
447 1841 657 1906 Bacchidibus
672 1861 738 1904 ncn
752 1841 883 1922 legitur,
900 1859 1091 1921 quamquam
1106 1859 1172 1903 non
1185 1838 1373 1905 incredibile
1386 1843 1427 1902 est

327 1946 399 2004 actu
410 1962 453 2019 IV,
460 1947 490 2019 4,
498 1947 540 2011 84
551 1941 753 2007 scribendum
769 1963 841 2008 θεεθ
854 1943 937 2020 Quia
954 1942 1013 2005 tibi
1027 1967 1141 2005 aarum
1158 1942 1307 2026 reddidi,
1321 1957 1349 2008 et
1359 1944 1428 2029 quio

327 2066 459 2108 coecum
471 2056 498 2107 tc
496 2044 736 2128 fraudaverim,
748 2045 802 2110 ubi
814 2063 898 2107 nunc
908 2046 957 2106 θεῖ
967 2067 1041 2107 noa.
1052 2062 1156 2124 neque
1165 2041 1376 2109 dubitandum
1386 2049 1428 2108 est

217 2151 219 2156 '
329 2143 406 2224 quin
420 2143 543 2208 Ennius
562 2144 723 2229 scripserit
733 2149 877 2212 Noenum
892 2169 1033 2209 rumores
1044 2147 1182 2230 ponebat
1198 2160 1271 2211 onte
1287 2147 1427 2227 salutem,

329 2243 362 2308 111
389 2265 452 2325 quo
478 2265 573 2310 versu
599 2248 793 2331 exemplaria
822 2246 984 2312 Ciceronis
1010 2251 1191 2311 constanter
1217 2246 1340 2312 babent
1363 2249 1428 2312 Noc

330 2350 412 2411 caim
434 2372 596 2411 remorer.
621 2347 732 2412 Cicero
756 2368 883 2430 quoque
904 2348 975 2431 ipse
987 2398 995 2430 ,
1016 2349 1043 2413 si
1063 2347 1205 2413 Medicec
1228 2348 1335 2417 codici
1354 2349 1429 2414 fides
1467 2364 1469 2369 ·

331 2452 398 2525 θεῖ,
420 2472 552 2512 moeream
574 2451 701 2513 rebatur·
730 2449 772 2514 ad
794 2449 932 2516 Atticum
948 2473 1003 2527 vn,
1016 2456 1046 2528 3,
1059 2457 1099 2527 8,
1121 2449 1257 2516 fortasse
1279 2471 1346 2517 non
1368 2452 1429 2516 sine

329 2549 400 2614 ioco
414 2573 421 2612 :
437 2567 511 2612 nam
531 2549 565 2614 in
580 2573 616 2612 111
638 2550 678 2614 de
700 2559 824 2616 oratore
844 2557 903 2619 153
926 2578 988 2616 aon
1009 2553 1101 2616 rebor
1122 2550 1207 2616 inter
1229 2572 1268 2617 ea
1291 2560 1430 2619 recenset

331 2650 446 2734 quibus
468 2649 580 2733 positis
602 2652 754 2733 grandior
776 2660 871 2734 atque
887 2653 1046 2735 antiquior
1068 2652 1167 2716 oratio
1189 2652 1292 2718 videri
1314 2657 1429 2723 soleat.

331 2752 389 2818 sed
409 2752 442 2816 in
457 2753 596 2818 Lucretii
616 2773 712 2818 versu
726 2755 797 2818 Itali
818 2761 963 2831 veteres,
980 2774 1061 2836 quos
1084 2762 1234 2820 secuntur
1254 2757 1350 2842 primi
1372 2758 1431 2824 edi-

330 2860 415 2920 tores
437 2860 468 2918 et
488 2855 661 2934 Marullus,
678 2876 748 2920 cum
774 2857 963 2920 vocabulum
986 2856 1124 2920 anticum
1145 2857 1352 2940 ignorarent,
1368 2879 1432 2926 sen·
1470 2884 1471 2927 3

331 2955 460 3021 tentiam
479 2957 635 3022 Lambinc
658 2957 814 3023 curiosius
836 2957 1074 3041 expenderunt.
1091 2957 1165 3022 huic
1186 2959 1270 3023 enim
1294 2961 1373 3027 satis
1392 2961 1432 3026 vi-

332 3079 402 3124 cum
425 3066 493 3138 est,
510 3059 537 3122 si
558 3080 637 3124 aura
651 3087 803 3147 suspenso
816 3063 953 3145 locisque
974 3057 1116 3142 lapidum
1131 3080 1279 3125 acervum
1303 3062 1432 3128 disicere

331 3185 463 3225 noceam
484 3180 580 3243 pesse
595 3160 772 3225 diceretur:
788 3160 852 3224 illis
871 3159 933 3224 hoc
954 3160 1067 3224 mirum
1090 3181 1154 3224 non
1175 3160 1253 3242 fuit,
1270 3165 1331 3229 sed
1353 3163 1432 3247 quod

331 3259 365 3323 id
392 3279 471 3324 aura
491 3262 593 3326 Nolle
615 3268 743 3344 posset,
763 3262 823 3325 boc
852 3267 901 3324 est
924 3280 963 3325 ne
985 3261 1264 3329 vehementissima
1286 3261 1432 3348 quide'm;

332 3360 526 3438 rectissime,
545 3361 606 3426 nisi
629 3363 714 3443 quod
738 3383 794 3427 eos
816 3363 1006 3427 emendandi
1029 3365 1108 3428 ratio
1132 3364 1262 3430 fefellit.
1278 3388 1378 3432 unum
1392 3375 1433 3432 ta·

332 3481 407 3527 men
436 3462 610 3529 Lambinus
638 3470 722 3530 recte
748 3465 847 3544 vidit,
869 3464 1011 3548 lapidum
1038 3466 1219 3548 congeriem
1248 3487 1315 3533 non
1342 3489 1433 3554 posse

333 3567 501 3629 coniectum
523 3562 586 3628 dici
602 3615 609 3643 ‚
627 3566 684 3630 sed
706 3568 811 3651 potius
835 3589 1054 3631 counscnun
1077 3589 1148 3633 cum
1169 3570 1314 3648 Muretc,
1334 3591 1434 3654 neque

333 3690 436 3752 oquae
458 3668 626 3732 coniectum
647 3667 681 3731 in
702 3668 783 3734 libro
799 3691 841 3746 1v,
853 3673 937 3746 414,
954 3669 1011 3733 sed
1030 3673 1218 3735 conlectum.
1234 3690 1312 3735 vera
1333 3679 1434 3738 autem

333 3766 401 3832 vitii
416 3766 511 3832 sedes
533 3774 582 3832 θεῖ
600 3767 889 3856 mammarumque,
905 3771 1040 3854 primum
1057 3772 1132 3853 quia
1154 3772 1233 3836 nihil
1252 3793 1322 3839 are
1337 3775 1435 3858 magis

332 3869 472 3934 alienum
495 3870 669 3951 excogitari
688 3877 793 3955 petest
815 3892 910 3954 quam
933 3879 988 3937 aut
1009 3873 1070 3938 hoe
1092 3881 1147 3938 aut
1169 3874 1255 3955 quod
1277 3876 1436 3942 Veronen-

334 3971 379 4035 sis
406 3969 508 4035 editor
535 3978 566 4036 et
591 3973 772 4054 Naugerius
801 3972 982 4053 dederunt,
1002 3977 1281 4063 speculorumque,
1308 3999 1349 4044 ex
1376 3999 1435 4063 qno

333 4071 508 4136 Lambinus
522 4075 753 4161 spiclorumque
775 4074 841 4138 sive
857 4081 1075 4163 apicoramqae
1089 4077 1269 4142 faciendum
1290 4079 1439 4166 iudicavit

334 4172 564 4257 (nequeenim
589 4174 650 4240 hcc
671 4177 839 4242 Homerico
866 4178 915 4241 illi
936 4178 1038 4242 simile
1061 4185 1132 4257 est,
1155 4180 1240 4261 quod
1262 4181 1382 4264 legitur
1406 4182 1437 4247 in

336 4272 501 4356 Odysseae
509 4297 539 4350 r,
546 4271 691 4356 3285529
699 4273 730 4344 δ’
747 4274 796 4344 ὅτ’
811 4273 978 4364 ὀπωρινὸς
986 4281 1106 4368 βορέης
1114 4282 1277 4372 φορέῃσιν
1286 4278 1437 4366 ἀκάνθας

309 4368 407 4456 ’”Λμ
423 4370 555 4455 πεδίον,
568 4380 706 4446 πυκιναὶ
727 4381 766 4449 δὲ
788 4379 873 4466 πρὸς
889 4377 1073 4470 ἀλλήλῃσιν
1088 4381 1259 4474 ἔχονται);
1275 4393 1343 4452 tum
1366 4387 1438 4472 quie

333 4477 518 4555 Lucretius,
536 4479 691 4547 Graecam
706 4484 800 4548 Ennii
820 4484 998 4567 Luciliique
1017 4486 1196 4567 licentiam,
1218 4509 1315 4572 quam
1330 4495 1439 4573 postea

337 4584 368 4644 et
390 4578 534 4646 Catullus
561 4589 593 4647 et
614 4585 774 4668 Vergilius
801 4586 968 4653 artificiose
990 4595 1198 4670 revocarunt,
1216 4599 1336 4657 exosus
1347 4644 1356 4677 ‚
1374 4613 1439 4658 ver·

213 4710 216 4716 ·
336 4680 425 4748 sibus
453 4681 486 4747 in
518 4688 582 4751 tres
607 4687 769 4772 spondeos
797 4689 986 4758 exeuntibus
1012 4692 1141 4758 omnine
1168 4691 1345 4760 abstinuit:
1368 4714 1438 4762 nam
