3509 5442
745 659 750 668 g
845 577 890 643 m
1361 582 1422 650 155

307 747 428 813 draus
449 747 619 813 Fumides.
640 747 798 829 oblongus
820 748 971 836 culiqiuis
994 751 1156 815 umbram.
1180 749 1255 814 olim
1276 748 1423 833 impressi

308 851 383 914 irai
391 852 465 937 fax
487 853 658 936 numquam
680 854 711 914 st
733 852 880 914 umbros.
895 849 969 913 Itali
990 849 1090 933 perite
1112 853 1178 917 Nec
1200 873 1301 915 murs
1323 873 1422 928 1ss1,

309 956 380 1015 tum
403 954 543 1019 Fumida
566 972 820 1016 surruunnus.
838 950 896 1014 scd
911 953 1052 1016 umbram
1068 955 1235 1018 umbrasse
1250 952 1423 1018 accusandi

310 1074 393 1119 casu
417 1055 515 1121 scribi
536 1075 601 1119 non
623 1052 752 1131 debuit;
768 1052 940 1117 ablativum
963 1073 1060 1137 supra
1074 1052 1268 1120 firmavimus
1290 1054 1333 1118 ad
1354 1073 1424 1117 ver-

310 1177 385 1222 sum
401 1163 466 1235 39,
482 1156 632 1239 idemque
654 1161 702 1220 est
723 1154 757 1218 in
777 1153 858 1218 libro
876 1176 905 1231 v,
917 1158 1001 1223 482.

401 1265 477 1328 305.
509 1240 654 1321 seirius
678 1294 721 1302 —
743 1277 844 1318 rscrs
871 1278 1031 1319 raumxs
1060 1279 1217 1322 vironrs
1236 1256 1424 1321 ..Marullus

310 1381 505 1423 morus.
530 1358 727 1424 Wakefieldo
750 1377 822 1421 cum
844 1357 910 1422 suis
933 1358 1053 1441 placuit
1074 1363 1203 1446 coporis
1213 1386 1225 1444 ,-
1244 1360 1330 1443 quod
1353 1359 1423 1441 quis

311 1459 451 1541 credat,
466 1460 528 1527 nisi
550 1460 605 1543 qui
626 1479 683 1526 eos
705 1457 783 1522 nihil
805 1457 992 1539 intellegere
1013 1459 1230 1527 intellexerit?

402 1567 477 1632 306.
510 1563 622 1625 Inraa
659 1581 852 1630 uransous
887 1561 991 1624 srrhs
1032 1584 1171 1626 osnvos
1207 1585 1423 1634 sinvosoux

311 1685 459 1726 caonas
474 1711 481 1726 .
496 1663 556 1730 Hic
578 1663 692 1728 iterum
713 1661 793 1726 illud
808 1661 981 1727 absurdum
1004 1666 1085 1728 iuter
1100 1679 1249 1751 utrasque
1270 1667 1423 1747 legimus,

313 1764 405 1848 quod
428 1764 472 1829 ad
491 1769 599 1842 11,548
626 1763 763 1830 vidimus
791 1762 993 1829 scribendum
1022 1783 1093 1829 esse
1115 1766 1422 1839 Inrscurnsone.

312 1867 377 1932 hoc
398 1885 478 1932 vero
506 1886 578 1932 oum
600 1865 779 1932 accusativo
804 1865 955 1947 coniungi
983 1886 1047 1930 non
1073 1886 1168 1950 posse
1190 1877 1344 1952 apparet:
1361 1889 1423 1952 quo

314 1968 350 2033 fit
372 1974 408 2032 ut
430 1971 494 2033 siro
515 1983 559 2034 esc
573 1967 668 2034 scribi
690 1986 755 2031 non
778 1966 912 2045 debeat,
930 1967 1015 2049 quod
1037 1968 1113 2034 iecit
1126 1969 1301 2036 Brixiensis
1324 1971 1425 2036 editor
1530 2013 1532 2016 >

315 2091 389 2136 cum
413 2070 549 2135 Marullo
573 2076 603 2135 et
626 2068 764 2134 ceteris.
787 2073 836 2133 est
863 2075 969 2134 autem
991 2070 1163 2153 legendum
1184 2074 1423 2159 qurmroque,

317 2195 431 2237 sucus
447 2197 553 2238 ceruos
564 2196 732 2257 suevosque
748 2171 868 2236 leoues.
885 2178 920 2235 ut
931 2170 1096 2237 Lucretius
1108 2177 1323 2261 interutroque
1337 2200 1426 2240 secus

316 2275 428 2340 addito
450 2273 631 2341 accusativo
655 2271 753 2351 dixit,
768 2271 814 2336 ita
828 2271 906 2336 Cato
922 2277 1078 2360 uirumque
1103 2299 1210 2350 secus,
1228 2275 1290 2342 nisi
1311 2276 1424 2355 fallor,

317 2376 358 2443 de
379 2397 416 2442 re
428 2375 557 2440 rustica
578 2394 647 2457 cap.
664 2377 748 2456 21‚3
769 2375 895 2440 Dextri
917 2379 1049 2441 suuistmi
1060 2378 1251 2464 foramina,
1269 2383 1424 2466 utrimque

317 2504 407 2546 secus
419 2479 555 2544 lumiuus
566 2525 575 2560 ‚
591 2476 936 2562 sublcmiuuspollulus
947 2482 1084 2545 miculos
1095 2485 1261 2568 suppouito
1273 2528 1279 2542 .
1294 2501 1354 2546 nee
1368 2482 1425 2546 du-

317 2582 405 2647 bium
429 2585 478 2645 est
499 2577 576 2661 quin
598 2603 686 2643 secus
706 2578 901 2661 praepositio
929 2599 999 2644 eam
1022 2581 1285 2647 constructionem
1313 2572 1426 2665 admit-

318 2688 383 2763 tat;
400 2699 595 2765 quamquam
612 2677 774 2744 Charisius
789 2700 819 2763 p.
833 2687 871 2749 61
896 2682 933 2746 id
947 2683 1032 2767 quod
1044 2683 1158 2769 vulqus
1172 2700 1321 2770 usurpet,
1337 2708 1426 2751 secus

319 2787 413 2851 illum
434 2783 506 2849 sedi
513 2832 522 2865 ‚
538 2783 593 2845 loc
608 2795 653 2848 est
667 2782 836 2846 secuudum
852 2783 957 2860 illum,
971 2797 999 2848 ct
1012 2806 1124 2848 uocum
1140 2799 1168 2848 et
1181 2786 1345 2851 sordidum
1360 2810 1426 2852 ease

319 2885 417 2963 dicit,
438 2905 511 2950 cum
532 2889 639 2948 tamen
658 2883 729 2966 ipse
743 2903 773 2966 p.
789 2888 849 2952 195
869 2883 1090 2967 Sempronium
1112 2886 1327 2972 Asellionem,
1348 2893 1425 2952 tem-

319 2987 407 3073 poris
430 2984 609 3050 Gracchani
637 2984 841 3068 scriptorem,
860 2984 1063 3049 historiarum
1086 2987 1166 3051 libro
1187 3012 1241 3051 xrv
1262 2992 1316 3054 boc
1338 3015 1426 3056 secus

318 3091 351 3155 in
365 3087 520 3172 temporis
536 3085 765 3169 significatione
779 3086 927 3170 posuisse
946 3090 1095 3152 testetur.
1116 3094 1148 3154 et
1167 3087 1248 3155 hacc
1270 3095 1301 3155 et
1321 3094 1426 3155 cetera

319 3192 359 3256 de
382 3215 472 3256 seem
493 3187 729 3273 praepositione
752 3188 915 3253 Gesnerus
940 3187 974 3251 in
995 3188 1179 3255 thesaurum
1202 3211 1294 3256 suurn
1317 3196 1426 3258 contu-

319 3294 373 3358 lit.
398 3295 607 3362 circumsecus
628 3289 846 3373 lexicographi
870 3289 1117 3371 consignarunt,
1138 3295 1348 3376 neglexerunt
1370 3320 1425 3358 uu-

320 3399 454 3473 u'secus,
478 3395 676 3480 loupehaco,
698 3411 780 3475 qnae
809 3395 882 3456 sunt
909 3390 942 3454 in
972 3393 1138 3473 glossariis
1164 3396 1331 3476 Labbaei,
1351 3396 1426 3461 item

316 3510 498 3583 postsecus,
515 3494 601 3577 quod
623 3494 701 3561 nihil
723 3493 850 3558 omnino
875 3513 946 3558 esse
968 3494 1044 3559 dicit
1066 3496 1170 3581 Caper
1189 3520 1220 3583 p.
1237 3503 1340 3566 2243.

407 3603 481 3667 308.
499 3618 620 3659 rhuuu
636 3619 719 3660 mss
733 3598 1106 3668 nauruoumNhruns
1122 3621 1306 3672 curesque
1322 3620 1428 3661 sumu

321 3721 496 3765 vxsrrcm
517 3721 649 3762 rarus.
666 3701 753 3764 Bene
775 3698 950 3776 MarulluS,
967 3701 1111 3780 quamvis
1132 3701 1350 3768 Wakefieldus
1372 3719 1428 3764 ne-

319 3810 394 3886 get,
415 3803 446 3866 N
451 3822 597 3864 Arcani:
614 3851 622 3880 ,
642 3806 677 3865 ut
702 3800 798 3885 paulo
828 3807 900 3883 post
914 3805 977 3869 320
1006 3804 1109 3887 Usque
1139 3803 1217 3867 culeo
1240 3817 1427 3867 uuturarum

319 3907 455 3991 uestiqia
481 3904 588 3988 linqui
607 3905 769 3968 Parvola.
791 3901 848 3967 sed
873 3901 958 3966 idem
985 3902 1139 3967 Marullus
1166 3904 1274 3969 nescio
1303 3922 1367 3985 qua
1393 3922 1427 3968 re

320 4009 475 4090 deceptus
502 4003 628 4086 scripsit
655 4007 801 4070 surmus:
822 4007 926 4069 curui
948 4010 1034 4069 recte
1058 4010 1192 4088 uterque
1221 4004 1348 4083 codex,
1371 4004 1428 4070 sed

321 4107 498 4193 quadratus
518 4111 678 4189 postremo
701 4108 718 4170 i
737 4124 778 4169 ex
800 4131 816 4170 e
837 4104 920 4170 iacto
941 4106 1044 4190 prima
1066 4127 1181 4171 manu.

406 4212 481 4278 317.
504 4228 572 4270 ror
593 4226 734 4270 nouum
757 4228 855 4277 onon
881 4230 990 4272 seur.
1008 4208 1175 4274 Corrcctor
1189 4209 1321 4292 oblongi
1335 4210 1430 4275 nimis

320 4313 447 4391 curiose
476 4325 667 4400 quorsum.
688 4314 821 4392 uterque
845 4309 947 4375 codex
975 4310 1008 4374 in
1034 4330 1128 4376 versu
1146 4316 1229 4382 1090
1255 4313 1341 4400 quod
1360 4315 1429 4394 urb,

320 4413 497 4500 quadratus
510 4413 544 4477 in
558 4435 601 4490 vr,
616 4417 677 4481 703
692 4412 842 4498 aliquod.
859 4432 900 4477 ne
915 4413 1048 4496 septimo
1064 4413 1190 4496 quidem
1206 4415 1247 4478 ab
1263 4414 1341 4494 urbe
1357 4433 1430 4478 con-

320 4517 388 4581 dita
402 4514 532 4581 saeculo
548 4520 667 4579 certum
680 4505 837 4579 scribendi
849 4513 1020 4581 discrimen
1031 4514 1108 4580 fuit.
1123 4517 1158 4582 in
1171 4516 1246 4599 lege
1256 4514 1375 4580 Thoria
1387 4519 1428 4582 26

320 4619 415 4700 Quod
429 4619 562 4705 quisque
573 4617 710 4704 pecudes
731 4619 767 4681 iu
782 4618 891 4683 callers
910 4619 1017 4683 eiusce
1033 4619 1179 4703 publicas
1194 4619 1318 4683 itiueris
1333 4638 1430 4679 ceusu

319 4721 507 4791 iuduucm'l.
528 4718 582 4784 vix
603 4717 755 4787 credibile
778 4724 826 4787 est
844 4718 906 4786 hoc
927 4718 978 4784 vel
998 4717 1198 4786 doctissimos
1219 4715 1371 4782 fefellisse
1396 4715 1431 4780 in
