3509 5442
800 601 954 645 monasio
1413 589 1431 651 ‘l

318 771 378 816 eos
403 772 513 816 omnes
535 757 590 816 aut
610 772 674 815 uno
691 752 863 835 exemplari
887 758 942 815 aut
964 750 1089 816 duobus
1109 752 1193 817 inter
1215 773 1249 817 se
1266 754 1431 819 simillimis

317 873 399 917 usos
428 873 498 917 esse
511 876 519 931 ;
552 873 743 933 quamquam
772 854 931 931 Venetus,
962 852 1016 933 qui
1043 853 1077 916 in
1105 854 1218 919 ceteris
1248 856 1431 919 Veronense

319 956 486 1037 exemplar
514 954 658 1034 quamvis
686 954 873 1017 mendosum
898 954 1072 1035 expressit,
1095 975 1207 1019 versus
1233 957 1305 1021 libri
1329 957 1432 1036 quarti

318 1055 668 1140 axvrrrli‘lh—lilll),
693 1056 747 1135 qui
771 1055 945 1141 Veronensi
969 1054 1103 1134 desunt,
1127 1056 1254 1120 aliunde
1277 1058 1433 1140 acceperit

318 1176 456 1221 necesse
487 1162 552 1220 est.
571 1154 629 1219 sed
658 1155 744 1236 quod
766 1155 984 1239 typographos
1006 1157 1169 1241 antiquam
1199 1178 1303 1239 neque
1327 1178 1433 1225 emen-

320 1259 431 1322 datam
458 1257 624 1320 lectionem
647 1257 772 1321 fidelius
800 1276 895 1336 quam
922 1258 1077 1321 notarium
1100 1260 1316 1323 Florentinum
1338 1261 1434 1324 alios-

320 1379 386 1441 que
401 1360 499 1423 Italos
522 1359 551 1422 ei
567 1359 686 1423 similes
702 1360 892 1423 observasse
915 1357 1003 1436 dixi,
1018 1360 1193 1423 cavendum
1210 1361 1307 1424 nihilo
1330 1363 1434 1424 minus

321 1467 439 1526 estne
467 1461 563 1523 multo
592 1461 664 1542 plus
690 1459 854 1541 impressis
883 1479 978 1539 quarn
1012 1460 1134 1525 calamo
1167 1463 1276 1526 Italico
1309 1462 1434 1545 seriptis

320 1562 513 1626 credamus:
530 1583 602 1624 nam
625 1562 659 1624 in
673 1559 837 1643 impressis
854 1580 981 1641 quoque
1003 1580 1068 1625 non
1083 1581 1186 1644 pauca
1208 1569 1281 1627 sunt
1304 1563 1344 1629 de
1361 1584 1434 1628 con-

319 1665 445 1726 iectura
467 1663 653 1739 emendata,
669 1664 702 1726 in
723 1661 881 1725 Brixiensi
902 1662 1030 1742 quidem
1052 1665 1147 1746 paulo
1170 1665 1262 1746 plura
1285 1671 1316 1728 et
1336 1664 1434 1727 auda-

321 1765 393 1828 cius
417 1785 511 1844 quam
534 1764 567 1827 in
590 1764 765 1828 Veronensi
789 1767 820 1826 et
843 1764 986 1842 Veneto;
1011 1782 1109 1844 quare
1132 1762 1303 1845 falluntur,
1327 1773 1361 1830 ut
1384 1787 1434 1830 so·

321 1866 410 1942 lent,
435 1866 489 1945 qui
513 1866 604 1930 libris
631 1865 765 1948 pretium
788 1868 928 1927 statuunt
955 1883 994 1927 ex
1020 1865 1168 1941 raritate,
1194 1885 1264 1929 cum
1292 1867 1434 1930 Brixien·

322 1988 394 2033 sem
415 1968 480 2031 illis
502 1967 564 2030 lide
587 1974 618 2030 et
638 1965 823 2029 auctoritate
839 1972 1002 2046 praestare
1024 1973 1171 2030 censent.
1189 1967 1286 2042 mihi,
1311 1988 1379 2030 cum
1404 1974 1435 2031 et

321 2071 479 2133 Venetum
503 2069 666 2150 exemplar
686 2068 719 2128 in
743 2067 889 2130 manibus
910 2067 1060 2130 haberem
1085 2075 1117 2132 et
1138 2071 1348 2134 eVer·oncnsi
1371 2072 1435 2133 Ha-

321 2189 512 2252 veroampus
535 2168 751 2234 Wakefieldus
774 2168 931 2249 Forbiger
958 2170 1057 2232 multa
1086 2172 1305 2253 excepissent,
1329 2171 1370 2234 ad
1397 2192 1435 2236 ea

324 2290 408 2351 quae
437 2272 551 2335 vellem
575 2270 799 2351 cognoscenda
822 2271 945 2333 suffecit
969 2272 1112 2349 quamvis
1134 2273 1277 2355 imperite
1305 2280 1336 2336 et
1359 2293 1435 2353 neg·

321 2373 467 2452 legenter
490 2374 572 2437 facta
593 2375 634 2436 ab
646 2371 788 2436 Iohanne
802 2370 944 2434 Gerardo
962 2379 1109 2450 quattuor
1128 2374 1298 2453 primarum
1323 2374 1435 2438 editio-

322 2494 398 2537 num
425 2476 589 2552 recensio,
614 2493 697 2555 quae
729 2473 762 2536 in
792 2472 1003 2551 Glasguensis
1031 2473 1180 2537 editionis
1208 2482 1293 2536 tomo
1323 2483 1434 2555 quarto

323 2575 466 2638 exhibita
490 2583 538 2640 est
559 2577 686 2660 paginis
704 2597 782 2636 ecxn
799 2574 811 2657 (
827 2575 1029 2657 luti—4112).

411 2681 563 2759 Superest
585 2690 619 2740 ut
641 2677 680 2740 de
704 2677 794 2739 tertio
820 2694 937 2754 genere
954 2695 1131 2757 exponam,
1149 2677 1234 2755 quod
1257 2678 1297 2739 ab
1322 2677 1434 2740 eadem

324 2777 422 2859 stirpe
445 2780 571 2844 venisse
595 2798 690 2859 supra
714 2776 799 2838 dixi.
817 2796 855 2839 ex
877 2776 938 2837 hoc
965 2777 1027 2838 duo
1052 2778 1126 2839 mihi
1152 2786 1227 2839 riota
1242 2788 1315 2840 sunt
1331 2798 1436 2841 exem·

322 2880 446 2961 plania,
471 2881 603 2943 alterum
634 2899 699 2941 non
727 2877 905 2956 integrum,
934 2887 1079 2939 neutrum
1110 2886 1263 2940 vetustate
1293 2899 1352 2960 par
1380 2880 1435 2942 ob·

324 2980 422 3061 longo
438 3032 445 3056 ,
463 2992 606 3045 neutrum
633 2979 769 3058 denique
792 2980 836 3040 ita
852 2977 1000 3059 seriptum
1026 2984 1059 3040 ut
1075 2979 1203 3042 librario
1220 2980 1333 3042 librum
1357 2980 1436 3041 anti-

326 3083 512 3162 quissimum
546 3084 651 3165 ipsum
684 3090 756 3143 ante
791 3080 901 3142 oeulos
936 3078 1034 3143 t'uisse
1068 3089 1243 3163 appareat.
1272 3081 1325 3160 qui
1356 3080 1436 3144 liber

325 3184 564 3264 antiquissimus
585 3204 653 3247 oum
679 3183 754 3244 olim
778 3187 883 3257 esset,
900 3181 985 3260 quod
1006 3183 1112 3245 multis
1127 3182 1324 3247 coemamus
1346 3181 1437 3245 intel-

325 3285 461 3364 legitur,
478 3287 596 3366 passim
614 3286 766 3359 detritus,
783 3301 950 3359 corrosus,
969 3282 1117 3347 sordibus
1139 3283 1311 3358 obductus,
1328 3282 1438 3364 aliqua

325 3387 420 3449 etiam
444 3393 533 3468 parte
557 3387 642 3450 lacer
669 3396 700 3450 et
723 3386 858 3450 schedae
874 3406 973 3447 nxvur
990 3386 1116 3467 paginis
1138 3386 1271 3449 inuersis
1287 3385 1356 3469 (ιν,
1373 3391 1436 3452 299

323 3489 470 3571 -ἑ-54ῖ),
494 3489 568 3551 dum
594 3489 650 3552 illa
666 3489 772 3570 priora
788 3488 975 3569 apographa
990 3486 1255 3564 conficiebantur,
1274 3487 1388 3550 accidit
1402 3492 1437 3549 ut

326 3596 475 3672 quattuor
503 3590 659 3667 schedae,
684 3578 766 3671 quae
794 3593 884 3651 erant
913 3608 1043 3651 numero
1065 3610 1120 3650 xv1
1142 3611 1220 3650 xx1x
1236 3612 1336 3651 xxxix
1353 3610 1436 3666 cxv,

326 3692 534 3773 compagibus
564 3693 676 3756 solutis
705 3712 724 3754 a
747 3691 813 3755 suis
843 3690 974 3754 sedibus
1002 3690 1206 3768 aberrarent3
1230 3712 1292 3771 quo
1320 3692 1436 3753 factum

326 3799 374 3856 est
396 3801 430 3856 ut
451 3812 490 3856 ea
519 3813 601 3874 quae
626 3795 674 3859 his
696 3793 822 3857 schedis
846 3790 1088 3854 continebantur
1110 3793 1285 3876 (quaenam
1310 3811 1349 3855 ea
1371 3791 1437 3854 sue·
1533 3817 1536 3822 ·

325 3893 387 3957 rint
410 3893 513 3958 dicam
535 3896 578 3959 ad
600 3897 714 3959 librum
729 3919 755 3972 1,
775 3893 855 3978 734)
876 3893 909 3955 in
939 3891 998 3953 hoc
1024 3911 1106 3955 novo
1130 3892 1273 3956 codicum
1299 3912 1436 3972 genere,

326 3996 413 4076 quod
429 4004 496 4061 erat
511 3997 656 4074 tertium,
674 3998 739 4062 suis
760 3997 840 4061 locis
857 3994 926 4059 sine
947 3994 1012 4055 ullo
1029 3991 1171 4058 defectus
1186 3994 1302 4057 indicio
1320 3994 1438 4058 omissa
1501 4002 1504 4009 '

324 4104 397 4179 post
426 4097 499 4180 libri
522 4099 603 4163 sexti
630 4099 725 4164 finem
748 4118 891 4162 seorsum
915 4102 1164 4177 reponerentur.
1181 4095 1241 4159 hoo
1263 4116 1379 4159 novum
1407 4103 1438 4159 et

324 4199 452 4263 tertium
478 4220 581 4281 genus
607 4200 679 4266 dico
698 4225 705 4264 :
725 4220 799 4264 nam
826 4199 926 4281 siquis
956 4197 1018 4262 hoc
1045 4198 1180 4279 primum
1208 4198 1307 4264 fuisse
1339 4205 1436 4278 atque

324 4300 404 4363 iilud
432 4300 583 4366 damnum
612 4302 756 4369 codicem
783 4302 871 4384 prius
899 4322 993 4383 quam
1017 4300 1176 4380 oblongus
1203 4307 1234 4363 et
1255 4301 1436 4365 Italicorum

325 4422 442 4485 parens
467 4413 674 4470 nascerentur
699 4404 816 4471 secisse
844 4404 1056 4478 existimabit,
1077 4402 1105 4464 is
1129 4401 1288 4482 quomodo
1316 4400 1436 4465 librarii

327 4503 462 4568 schedas
488 4507 689 4588 perturbatas
720 4507 752 4571 in
783 4526 892 4570 verum
924 4503 1066 4567 ordinem
1093 4503 1288 4567 restituerint
1318 4502 1435 4566 docere

327 4624 391 4669 non
412 4606 547 4689 poterit.
563 4608 671 4691 itaque
694 4609 806 4673 horum
829 4608 975 4674 codicum
999 4605 1078 4670 alter
1101 4609 1149 4667 est
1163 4604 1329 4668 Leidcusis
1345 4624 1435 4672 ous-

319 4706 498 4788 'nsnrus,
530 4715 658 4778 notatus
688 4730 819 4777 numero
841 4716 907 4788 94,
935 4709 1072 4794 scriptus
1104 4706 1233 4771 saeculo
1266 4704 1389 4769 decimo
1416 4725 1436 4769 a
