3509 5442
400 563 464 633 382
935 560 979 626 Vl

485 735 558 800 605.
588 751 847 794 suasrxucrn.
870 731 1021 814 Impressi
1049 753 1290 809 spernaces,
1318 732 1430 814 itaque
1451 734 1505 798 An-

400 833 507 899 tonius
529 832 640 896 Marii.

488 941 560 1004 608.
588 934 784 999 Purucrrro
810 956 910 996 mann
937 956 1150 999 1110111011.
1173 935 1243 1000 Hoc
1272 954 1339 1018 quo
1360 935 1507 1000 referatur

402 1039 480 1104 nihil
495 1043 564 1104 est:
579 1057 652 1102 nam
668 1056 760 1102 nemo
777 1055 816 1102 ea
831 1035 871 1100 de
887 1055 1004 1115 causa,
1021 1036 1108 1119 quod
1127 1056 1215 1102 mare
1235 1038 1342 1103 maius
1363 1057 1429 1102 non
1447 1037 1507 1102 fieri

403 1141 554 1217 miratur,
576 1139 670 1218 timet,
686 1157 726 1202 ne
747 1157 854 1202 rerum
877 1157 1001 1202 summa
1021 1144 1150 1222 pereat:
1173 1137 1234 1202 hoc
1251 1137 1344 1205 ‚enim
1367 1158 1509 1224 praeces
1553 1169 1554 1173 ¹

404 1249 508 1308 serat.
524 1240 604 1305 illud
626 1242 728 1322 ipsum
752 1246 858 1305 autem
882 1240 967 1323 quod
990 1246 1103 1323 poeta,
1122 1260 1193 1304 cum
1212 1243 1379 1328 principio
1401 1241 1510 1306 multos

404 1344 542 1427 aliquam
566 1348 683 1406 certam
701 1361 767 1405 rern
783 1346 902 1408 mirari
914 1342 1009 1420 dicit,
1031 1341 1211 1407 necessario
1227 1341 1261 1405 in
1276 1347 1387 1408 mente
1401 1342 1508 1426 habet,

404 1465 560 1528 nusquam
583 1448 738 1526 apparet,
762 1443 796 1507 id
826 1450 874 1508 est
904 1444 1054 1509 mortales
1082 1445 1182 1509 multa
1209 1462 1294 1525 quae
1317 1445 1510 1510 naturalibus

405 1547 509 1612 causis
532 1544 707 1609 efficiantur
729 1545 844 1609 frustra
866 1547 994 1610 mirari.
1016 1567 1090 1609 narn
1108 1545 1255 1627 quamvis
1270 1545 1341 1610 eius
1356 1547 1447 1611 modi
1459 1546 1510 1610 ali·

405 1649 482 1733 quid
504 1648 536 1711 in
558 1647 652 1712 huius
672 1647 744 1711 libri
760 1647 914 1731 principio
931 1647 1048 1711 dictum
1065 1648 1105 1713 sit
1118 1646 1194 1711 inde
1210 1667 1230 1712 a
1244 1667 1342 1712 versu
1357 1655 1403 1718 50
1418 1667 1510 1730 usque

405 1752 447 1818 ad
463 1757 523 1829 55,
542 1757 648 1814 tamen
670 1749 735 1814 illio
757 1751 797 1814 de
819 1748 986 1814 formidine
1001 1750 1126 1832 agitur,
1147 1749 1267 1814 nonde
1283 1749 1509 1832 admi-ratione,

405 1855 456 1919 hio
478 1858 583 1916 autem
606 1857 754 1915 secuntur
775 1852 840 1915 alia
862 1870 945 1933 quae
967 1851 1111 1916 homines
1134 1852 1240 1916 causis
1260 1871 1328 1914 uon
1342 1856 1433 1916 recte
1448 1869 1511 1934 per-

406 1955 505 2038 ceptis
520 1956 772 2032 1111101101,054
787 1957 849 2020 700
862 1959 925 2022 850
936 1957 1000 2021 910
1013 1956 1114 2023 1056.
1130 1953 1193 2018 huc
1207 1951 1334 2018 accedit
1348 1952 1437 2034 quod
1453 1972 1511 2016 orn-

406 2061 458 2125 nia
473 2058 571 2134 haec,
588 2055 704 2136 quibus
723 2076 808 2119 mare
831 2055 912 2121 fines
934 2075 1010 2120 suos
1031 2076 1095 2120 non
1119 2054 1273 2120 excedere
1298 2053 1510 2136 demonstrat,

406 2181 470 2226 non
493 2160 569 2224 satis
591 2163 664 2241 apte
687 2158 843 2223 collocata
865 2164 940 2223 sunt
960 2158 1042 2222 inter
1064 2178 1116 2223 100
1133 2160 1231 2223 multo
1247 2157 1352 2239 magis
1368 2157 1512 2221 coniunc-

406 2270 482 2328 tas:
511 2282 584 2325 nam
611 2268 756 2325 aterrae
787 2261 923 2325 motibus
954 2259 1151 2326 commodius
1180 2259 1221 2324 ad
1244 2262 1370 2326 Aetnae
1401 2257 1512 2322 montis

408 2364 588 2446 eruptiones
611 2380 704 2441 quam
728 2361 769 2423 ad
792 2361 888 2425 maris
911 2362 1133 2426 continentiam
1156 2362 1328 2427 transitur.
1345 2378 1513 2442 quaecum

307 2505 311 2515 .
406 2468 452 2530 ita
467 2465 548 2539 sint,
565 2462 658 2527 facile
675 2468 723 2527 est
744 2461 785 2526 ad
808 2462 1064 2543 cognoscendum
1086 2483 1128 2528 ne
1150 2463 1201 2527 hio
1224 2462 1353 2546 quidem
1369 2461 1513 2526 Lucretio

408 2587 464 2652 per
485 2566 582 2631 fatum
605 2564 734 2629 licuisse
757 2571 871 2647 poema
897 2585 988 2630 suum
1011 2565 1178 2631 absolvere
1200 2565 1333 2647 eiusque
1355 2569 1466 2647 partes
1487 2569 1516 2628 01

407 2674 492 2734 10010
515 2667 684 2749 disponere
708 2671 739 2730 et
760 2671 835 2748 apta
856 2666 1002 2730 iunctura
1022 2667 1104 2732 inter
1125 2688 1197 2732 sese
1213 2673 1401 2731 conectere.
1423 2672 1515 2747 atque

406 2771 441 2835 id
462 2770 515 2834 vel
538 2789 578 2834 ex
599 2769 660 2832 hoc
680 2767 867 2848 intellegere
889 2788 1079 2852 possumus,
1097 2771 1180 2852 quod
1194 2822 1202 2848 ‚
1218 2789 1290 2834 curn
1305 2787 1404 2833 versu
1419 2773 1462 2837 50
1476 2765 1516 2831 ad

408 2872 479 2938 libri
502 2871 596 2935 totius
617 2875 836 2952 argumentum
858 2870 1033 2953 respiciens
1055 2871 1188 2937 dixisset
1210 2872 1321 2938 001010
1343 2895 1428 2956 qaae
1439 2871 1520 2956 fieri

408 2978 441 3040 in
458 2976 551 3038 terris
566 2973 711 3058 caeloque
726 2985 849 3037 tuentur
865 2974 1037 3054 Mortales,
1054 2979 1166 3055 postea
1189 2976 1293 3036 autem
1313 2989 1413 3036 versu
1428 2977 1469 3040 83
1488 2976 1517 3035 01

410 3081 450 3145 el
478 3074 555 3139 nihil
585 3074 646 3138 nisi
673 3073 824 3158 μετέωρα
853 3073 1077 3158 promisisset,
1108 3080 1214 3139 tamen
1242 3072 1290 3137 his
1317 3072 1519 3157 pertractatis

408 3198 502 3243 versu
518 3182 580 3244 535
603 3176 681 3239 nihil
703 3175 864 3259 praefatus
893 3173 935 3238 ad
958 3176 1121 3241 terrestria
1142 3175 1284 3240 transiit.
1307 3173 1391 3239 haec
1414 3174 1518 3239 omnia

408 3281 596 3363 interpretes
619 3298 688 3342 cum
709 3298 773 3342 non
788 3276 1104 3359 animadvertissent,
1123 3277 1261 3342 mirabili
1276 3276 1393 3340 mentis
1407 3276 1518 3340 inertia

409 3381 582 3466 probarunt
607 3400 733 3443 versum
760 3401 780 3443 a
801 3380 936 3444 Marullo
963 3378 1089 3460 fictum,
1113 3380 1207 3442 Nunc
1229 3382 1312 3443 10110
1334 3379 1515 3460 reddenda,

410 3506 542 3568 aupmeo
565 3506 621 3544 car
643 3484 761 3544 nesciat
783 3506 920 3565 aequor,
944 3480 998 3562 qui
1019 3499 1085 3543 non
1107 3478 1202 3543 modo
1223 3479 1344 3544 inutilis
1368 3466 1439 3557 001,
1463 3479 1515 3545 sed

411 3582 566 3648 curiosius
588 3581 779 3646 examinanti
796 3581 973 3646 absurdus.
990 3602 1062 3645 eum
1078 3580 1165 3646 solus
1180 3581 1336 3646 Aventius
1352 3601 1420 3646 non
1433 3601 1516 3647 rece-

409 3686 475 3770 pit,
499 3704 592 3767 quem
615 3684 775 3772 sequitur,
798 3690 832 3747 ut
854 3683 955 3761 solet,
978 3682 1137 3747 Iohannes
1158 3682 1305 3766 Baptista
1326 3681 1428 3749 Pius.

497 3793 568 3856 609.
592 3787 767 3850 Narone.
791 3784 947 3849 Marullus
969 3787 1173 3849 Naruaam.

411 3900 415 3908 '
497 3894 568 3959 613.
592 3910 712 3952 runnu
735 3910 780 3949 an
804 3907 915 3949 naurs
939 3907 1053 3949 omnm
1070 3907 1223 3950 summam
1239 3886 1372 3950 Gonu
1387 3910 1516 3951 111111-

412 4015 502 4056 0111
525 4014 642 4054 nuuur
665 4011 774 4054 uurus
798 4010 1023 4052 anauuuurr.
1046 3989 1119 4053 Itali
1134 3995 1166 4054 01
1179 3988 1336 4053 Marullus
1351 3989 1514 4053 Gorrnr:

411 4093 470 4160 sed
491 4093 587 4158 iidem
610 4094 655 4158 ad
669 4115 801 4177 oupmea
816 4090 949 4154 vocibus
964 4089 1095 4167 divisis,
1111 4089 1255 4154 oratione
1269 4091 1409 4174 turpiter
1422 4093 1515 4157 abun-

412 4195 519 4261 danti.
535 4194 596 4259 hoc
610 4193 716 4258 nullus
729 4192 936 4275 interpretum
952 4189 1191 4273 animadvertit3
1211 4212 1274 4274 quo
1288 4192 1411 4258 factum
1427 4197 1516 4259 estut

412 4298 589 4383 adacpmeo
600 4295 704 4359 lexico
713 4293 817 4358 adhuc
825 4294 986 4376 ignorent,
998 4291 1052 4374 qui
1060 4292 1214 4358 00000110
1223 4290 1388 4360 diutusest
1397 4296 1432 4359 in
1440 4295 1515 4360 libro

411 4401 554 4482 11,1122.
572 4400 644 4460 sunt
658 4402 764 4458 tamen
780 4413 854 4459 rara
869 4394 965 4459 huius
981 4393 1109 4477 generis
1122 4393 1316 4476 composita.
1330 4397 1514 4483 ablepmiaa,

405 4502 610 4590 prosepmirrc
615 4548 623 4579 ,
629 4499 868 4583 praesepmino,
880 4493 1520 4584 1000911011οΡ111111,0001091001011001ιό-ι

412 4618 509 4669 temen
515 4652 523 4684 ‚
537 4624 681 4681 0110111011,
694 4597 1516 4686 0οᾐ1011011(00οᾔ10119011ᾱο,01110,01000νο0110),

407 4727 604 4792 propapmea
620 4702 681 4787 (sic
698 4721 719 4767 a
733 4701 903 4788 pacpeado
916 4699 1040 4765 Ennius
1053 4698 1151 4765 Nonii
1164 4719 1196 4782 p.
1208 4705 1260 4779 64,
1275 4703 1319 4768 32
1334 4705 1368 4764 et
1382 4704 1459 4782 221,
1470 4702 1517 4786 9),
