3509 5442
325 696 375 787 e'st
392 747 489 808 praes
511 729 543 785 et
562 722 718 807 praedia.
742 725 870 804 propter
891 720 964 785 Chr.
977 720 1141 797 Iahnium,
1163 721 1220 801 qui
1236 720 1367 785 Heinsio
1386 721 1419 783 ad

325 822 430 885 Ovidii
458 830 555 887 artem
580 847 600 905 1,
617 826 671 890 161
702 828 788 887 recte
817 822 1024 905 praecipienti
1052 843 1117 886 non
1144 822 1304 900 credidit,
1328 823 1420 886 obser-

324 923 407 986 vabo
429 925 510 990 haec
532 922 638 986 omnia
660 944 680 986 a
701 923 805 987 verbis
832 923 952 1006 primae
974 924 1197 988 declinationis
1219 922 1359 987 deducta
1377 943 1421 985 na-

324 1029 395 1086 tura
416 1025 514 1106 longa
536 1044 627 1102 esse,
644 1026 767 1089 labrum
783 1030 815 1088 et
829 1027 977 1089 tabellam
991 1045 1049 1108 pro
1066 1045 1141 1090 vase
1153 1075 1161 1102 ,
1174 1026 1311 1109 flabra,
1323 1025 1422 1109 flatel-

325 1126 409 1207 lurn,
430 1129 608 1208 velabrum,
629 1128 857 1206 ventilabrum,
878 1126 1093 1206 volutabrum,
1115 1126 1364 1207 caudeae-rum,
1379 1125 1422 1188 do-

325 1228 434 1307 labra,
452 1229 638 1310 Dolabella,
661 1230 752 1292 curia
767 1228 917 1304 calabra,
940 1229 1100 1292 amastrae
1114 1252 1243 1291 meuse.
1266 1226 1310 1292 de
1325 1225 1424 1291 celeris

324 1328 511 1411 interpretes
541 1349 580 1392 ne
609 1329 642 1392 id
671 1328 798 1411 quidem
830 1328 1078 1407 intollcnemnt‚
1106 1328 1194 1411 quod
1223 1334 1335 1392 tamen
1362 1332 1424 1390 ante

324 1429 430 1492 omnia
452 1431 668 1509 quaerendum
692 1430 772 1507 fuit,
791 1429 948 1512 apoduein
968 1431 1108 1513 incipere
1129 1430 1195 1507 ibi,
1216 1432 1300 1495 sotio
1322 1433 1355 1494 ia
1373 1452 1423 1492 me·

325 1533 377 1594 ‹b'u
401 1558 493 1615 perum
509 1533 614 1617 ⁸facite
626 1536 689 1618 fit.
705 1532 738 1594 in
752 1532 870 1614 protasi
887 1537 918 1595 et
933 1533 1071 1617 efficeris
1086 1536 1229 1596 monstro
1245 1529 1352 1594 simile
1366 1534 1423 1605 est,

323 1651 428 1713 neque
450 1636 482 1696 st
500 1647 642 1699 caractere
669 1653 725 1716 per
752 1653 787 1698 se
808 1633 887 1697 satis
908 1639 1072 1716 apertum:
1095 1652 1159 1696 non
1182 1632 1272 1696 enim
1294 1630 1424 1696 cunctari

324 1740 378 1804 aut
406 1734 522 1798 morari
552 1735 583 1799 in
612 1735 728 1799 balneo
757 1734 974 1817 periculosum
1005 1740 1055 1799 est
1083 1734 1181 1817 pleno
1210 1739 1349 1811 ventre,
1375 1731 1425 1796 sed

323 1835 444 1899 lavari.
467 1837 614 1900 Lucretio
637 1836 714 1901 nihil
737 1835 884 1900 convenit
904 1835 965 1900 nisi
987 1835 1259 1919 simplicissimum
1284 1840 1318 1899 et
1339 1832 1425 1915 aptis·

324 1937 436 2000 simum
452 1927 517 2001 :id
544 1945 594 2003 est
619 1944 725 2002 autem
750 1940 894 2022 Denique
921 1941 953 2002 si
977 1940 1093 2004 calidis
1120 1940 1215 2003 etiam
1237 1956 1424 2000 cunenses

325 2039 464 2102 lacrcbriu
488 2042 617 2104 Plenior
640 2061 681 2100 nn
704 2061 881 2101 savants.

412 2145 482 2205 aaa
508 2142 725 2205 Conclusae
747 2163 790 2202 nr
814 2163 932 2203 caimos
948 2163 1011 2211 cur
1026 2163 1149 2205 mosao
1164 2163 1333 2204 urrisun
1348 2164 1425 2204 sna-

323 2262 402 2302 vrr.
426 2242 461 2303 ln
489 2241 549 2306 hoc
576 2262 669 2306 versu
700 2242 967 2323 comparationem
996 2243 1098 2307 morbi
1126 2240 1300 2305 comitialis
1327 2241 1425 2305 inesse

324 2340 523 2406 manifestum
543 2349 611 2407 est.
628 2363 710 2425 quae
733 2343 808 2423 qnia
829 2361 934 2424 neque
957 2344 989 2407 in
1012 2363 1050 2408 eo
1074 2343 1127 2426 qui
1148 2342 1283 2408 luminis
1305 2344 1425 2407 extincti

323 2442 420 2505 odore
445 2445 626 2527 consopitus
649 2451 695 2509 est
719 2463 822 2527 neque
850 2445 882 2507 in
914 2443 1028 2508 ceteris
1052 2444 1105 2525 qui
1129 2445 1181 2508 hic
1202 2451 1425 2511 ‘enumeranlm

322 2545 425 2608 locum
439 2545 534 2609 habet
546 2597 553 2625 ,
567 2546 627 2609 nisi
641 2547 673 2610 in
685 2568 723 2611 eo
737 2547 789 2629 qui
802 2546 834 2609 in
847 2545 928 2610 salic
940 2544 1052 2610 caldae
1065 2545 1220 2624 concidit,
1232 2545 1267 2610 in
1280 2567 1345 2628 qua
1356 2545 1425 2610 sede

321 2645 372 2709 hic
388 2665 498 2710 versus
514 2648 716 2730 reponendus
732 2648 772 2712 sit
787 2646 923 2711 dubitari
939 2668 1003 2712 non
1024 2652 1147 2731 potest.
1168 2646 1203 2711 id
1222 2647 1424 2730 interpretum

322 2747 429 2810 nullus
455 2766 495 2811 ne
523 2730 702 2832 suspicatus
731 2749 859 2831 quidem
887 2753 955 2831 est,
979 2767 1084 2830 neque
1104 2748 1204 2814 iidem
1227 2747 1424 2813 emendando

252 2900 256 2907 ,
322 2849 489 2930 quicquam
514 2857 757 2932 promoverunt,
781 2855 906 2934 praeter
934 2850 993 2915 boc
1022 2871 1117 2914 unum
1145 2848 1233 2931 quod
1258 2850 1425 2914 Lambinus

322 2950 512 3015 Memmiana
536 2952 635 3016 codici
658 2953 832 3017 recentiore
855 2971 950 3014 manu
972 2978 1102 3037 spumas
1119 2950 1316 3033 adscriptum
1332 2949 1423 3016 vidit.

322 3052 439 3134 excipit
451 3051 577 3135 quidem
590 3053 781 3132 Lambinus,
794 3057 852 3138 api
860 3078 990 3138 spumas
998 3103 1007 3135 ,
1021 3073 1083 3117 non
1095 3055 1198 3118 mitti:
1209 3053 1271 3117 sed
1282 3072 1424 3137 spumas,

323 3174 392 3216 cum
415 3153 607 3236 tunduntur,
624 3174 679 3217 cnr
701 3157 784 3218 mitti
803 3174 867 3218 non
891 3153 1005 3217 dixerit
1026 3153 1079 3234 qui
1102 3155 1280 3238 etfaciam
1303 3158 1386 3220 mart
1399 3160 1427 3218 et

322 3258 507 3339 sarrprrirrera
534 3262 565 3318 ct
591 3258 757 3341 sucrrpuiuia
784 3258 911 3341 siparum
938 3261 970 3319 et
993 3258 1119 3320 imbrem
1143 3260 1175 3318 et
1197 3257 1305 3320 laticis
1324 3271 1425 3342 pattas

321 3359 405 3419 ueteri
424 3356 529 3419 dixit?
551 3357 658 3438 itaque
681 3355 733 3422 hic
752 3376 864 3420 versus
880 3358 923 3420 ita
938 3357 1111 3422 rectissime
1126 3356 1336 3434 formabitur,
1353 3360 1424 3424 Gora-

321 3457 425 3520 ridere
453 3473 480 3521 et
509 3480 654 3520 sunnam
680 3481 721 3521 nn
748 3463 806 3544 qui
824 3462 930 3523 morbo
952 3462 1072 3524 raittere
1093 3462 1213 3522 circuit.
1236 3466 1323 3524 recte
1347 3460 1424 3525 enim

321 3584 464 3644 sprrruaru
486 3559 637 3642 singulari
662 3581 812 3643 uumer0,
836 3566 869 3624 ul
891 3560 1025 3625 Ovidius
1046 3564 1171 3623 metam.
1190 3581 1258 3638 viu,
1270 3567 1334 3631 417
1351 3565 1424 3629 Stri-

321 3661 500 3747 deatemque
516 3688 592 3726 rzouo
608 3688 751 3747 aprutinum
767 3689 837 3728 cura
853 3662 1149 3748 surrupuiaefuurtit.
1165 3660 1252 3726 idem
1267 3662 1302 3726 in
1316 3662 1424 3728 eodem

321 3767 383 3831 288
400 3764 538 3828 Fervida
553 3790 622 3829 cure
637 3789 733 3829 rauco
750 3766 828 3830 latos
843 3766 979 3830 stridore
994 3789 1058 3850 per
1075 3787 1180 3829 armos
1195 3762 1321 3849 Sprurna
1332 3769 1424 3852 fluit.

321 3864 498 3929 Columella
520 3866 553 3928 in
570 3884 622 3944 vn,
632 3874 661 3943 b,
679 3872 716 3933 lc
732 3879 760 3930 et
774 3892 919 3951 spraruuru
935 3867 1095 3952 quercetum
1110 3879 1230 3929 terream
1249 3871 1348 3932 taetri
1359 3869 1439 3951 odo¹

320 3969 367 4030 ris
390 3972 550 4054 eaperyit.
573 3972 605 4033 el
626 3968 763 4031 observa
786 3971 844 4052 qui
863 3972 963 4032 suerat
990 3967 1139 4050 scriptum
1169 3985 1264 4049 esse,
1289 3988 1354 4033 non
1375 3974 1430 4056 qai

320 4083 463 4151 aruer-aut,
476 4089 516 4133 ne
531 4068 613 4135 forte
628 4070 726 4135 alium
740 4068 815 4133 huic
830 4069 934 4133 versui
947 4074 979 4132 et
989 4067 1143 4151 aptiorem
1153 4068 1262 4133 locum
1275 4089 1425 4151 quaeras.

406 4176 478 4238 803.
507 4170 615 4246 anu
644 4193 777 4234 nncmn
800 4194 834 4233 m
859 4193 1073 4254 cnnnnnnu,
1098 4192 1294 4242 arsinoas
1317 4195 1424 4237 enan-

321 4293 482 4334 caninus
505 4295 618 4336 anna.
643 4274 825 4338 anlebrara
849 4271 1044 4354 quadratus,
1061 4271 1132 4336 Itali
1155 4294 1375 4357 cansnnnu,
1398 4281 1427 4341 et

319 4371 415 4437 iidem
438 4396 586 4444 nonan.
611 4374 769 4456 oblongus
791 4375 895 4458 prima
917 4393 1012 4437 mauu
1033 4377 1249 4460 precipimus.

405 4481 477 4543 804.
512 4475 563 4538 An
599 4498 671 4538 cun
708 4498 859 4539 mannan
897 4498 1045 4540 nonnus
1083 4499 1267 4541 enucnenr
1301 4503 1425 4544 ranul-

318 4598 524 4653 nassavrs,
558 4579 639 4641 Tou
676 4600 734 4639 rm
772 4601 868 4643 onos
908 4601 983 4641 vrnr
1019 4601 1162 4642 annona
1199 4601 1424 4647 nncnannnrs

318 4701 470 4742 rusina.
494 4677 674 4756 Quadratus
685 4680 944 4768 feruidafereis:
965 4679 1032 4745 10h.
1045 4681 1136 4765 Bapt
1147 4680 1225 4748 Pius
1246 4683 1349 4750 ‘Haec
1366 4683 1424 4749 duo
