3509 5442
720 575 902 618 annnorum
962 582 971 599 ·
1327 561 1366 625 15

254 721 434 801 Nardium,
449 724 656 789 Michahelem
671 725 815 807 Fayum,
830 723 942 787 volens
964 726 1233 806 praetermittam,
1250 747 1366 811 operae

253 824 393 906 pretium
421 833 469 890 est
494 833 603 891 notare
627 825 774 891 stolidam
804 832 982 888 nostrorum
1003 828 1289 909 patientiamque
1309 849 1367 912 per

253 931 302 989 tot
325 947 449 1003 annos,
465 928 526 992 hoc
549 936 596 993 est
617 929 691 992 inde
714 949 734 990 a
759 931 837 996 1801
864 931 896 990 et
920 932 1021 1004 1828,
1039 930 1273 1011 exemplaribus
1299 951 1366 995 cor-

254 1029 469 1109 ruptissimis,
487 1051 619 1111 quorum
650 1050 767 1109 magna
795 1048 870 1110 pars
893 1047 996 1109 neque
1018 1030 1162 1110 intellegi
1184 1038 1291 1112 posset
1312 1053 1367 1097 ne-

255 1149 320 1209 que
350 1131 392 1194 ab
423 1131 502 1213 ipsis
529 1132 709 1195 auctoribus
737 1131 900 1194 intellecta
927 1137 1032 1207 essct,
1054 1137 1214 1213 tamquam
1241 1133 1367 1215 optimis

254 1231 306 1294 usi
335 1232 399 1295 sint
427 1238 521 1314 atque
543 1232 774 1313 integerrimis.
791 1233 824 1295 in
848 1253 910 1313 quo
939 1233 966 1296 si
989 1254 1069 1314 quos
1092 1234 1171 1296 lorte
1194 1233 1368 1298 Eichstadii

255 1332 397 1397 nominis
420 1334 523 1414 gloria
546 1334 703 1415 quaedam
726 1333 870 1415 decepit,
888 1340 971 1397 certe
987 1335 1235 1398 mercennariam
1257 1336 1367 1401 Forbi-

255 1433 326 1513 geri
343 1454 493 1517 operam,
509 1435 542 1498 in
565 1457 628 1516 qua
643 1454 747 1515 neque
771 1435 850 1499 ratio
874 1436 941 1498 ulla
962 1442 1045 1500 esset
1059 1456 1164 1517 neque
1181 1437 1366 1518 diligentia,

256 1541 461 1600 contemnere
494 1537 677 1600 debebant.
699 1537 808 1620 itaque
835 1537 921 1600 volui
950 1537 1174 1600 documentum
1207 1546 1366 1620 statuere,

256 1638 373 1718 nequis
401 1639 470 1720 pari
498 1639 680 1718 arrogantia
707 1659 758 1703 res
781 1659 915 1720 magnas
943 1644 1038 1719 atque
1062 1638 1228 1716 difficiles,
1252 1642 1367 1722 quibus

256 1759 291 1802 se
314 1739 471 1821 imparem
498 1742 611 1818 sciret,
636 1740 797 1823 suscipere
824 1740 977 1803 auderet.
994 1741 1051 1804 sed
1078 1740 1189 1804 horum
1211 1745 1366 1824 pravitate

257 1842 379 1905 omissa
400 1841 476 1906 licet
502 1841 578 1906 mihi
605 1842 638 1904 in
666 1861 722 1924 spe
748 1842 834 1905 laeta
858 1847 1008 1921 certaque
1034 1840 1129 1904 finem
1150 1842 1255 1908 faeere
1276 1866 1368 1928 prae-

256 1942 367 2019 fandi,
385 1963 447 2023 qua
469 1943 582 2007 ductus
604 1943 742 2007 futurum
760 1963 901 2024 auguror
920 1949 955 2004 ut
970 1943 1107 2006 Lucretii
1131 1963 1258 2009 carmen
1273 1947 1367 2011 inter-

256 2045 434 2128 pretatione
457 2045 598 2109 doctiore
627 2045 819 2123 illustretur,
838 2045 929 2109 cuius
952 2064 1023 2108 cum
1050 2043 1083 2106 in
1104 2042 1241 2110 hominis
1263 2047 1367 2112 cuius-

256 2146 331 2210 dam
361 2146 482 2227 egregii
505 2148 617 2211 studiis
639 2147 812 2209 iaududum
842 2144 980 2208 maxima
1005 2151 1148 2208 versatur
1170 2151 1366 2229 expectatio,

256 2253 323 2310 tum
346 2267 448 2329 nuper
471 2248 631 2329 specimen
659 2269 737 2312 sane
760 2249 954 2312 luculentum
978 2247 1131 2329 Iosephus
1153 2249 1367 2315 lleisackcrus
1456 2305 1463 2316 .

256 2349 346 2413 dedit
366 2349 400 2411 in
422 2349 623 2414 Lucretianis
646 2349 885 2430 quaestiouibus
908 2349 1038 2411 Bonnae
1065 2368 1174 2412 mense
1197 2352 1367 2417 Decembri

257 2452 333 2514 anni
352 2455 433 2518 1847
458 2451 550 2514 editis
564 2500 571 2513 .
587 2452 712 2516 interim
735 2471 793 2514 nos
819 2456 854 2513 ut
875 2450 1049 2532 poterimus
1071 2451 1286 2533 perpoliemus
1307 2455 1368 2519 hoc

257 2572 406 2629 carmen,
448 2563 452 2568 '

342 2677 374 2731 1,
401 2648 438 2718 1.
462 2656 672 2719 Annnrnuru
695 2677 882 2718 cnnnrnrx
910 2657 967 2718 abi
983 2657 1111 2738 prima,
1128 2658 1163 2717 ut
1189 2654 1265 2718 (licit
1292 2656 1367 2720 Ovi·

255 2757 329 2820 dius
357 2758 390 2821 in
418 2756 552 2820 tristium
581 2758 661 2822 libro
684 2781 727 2834 11,
745 2763 826 2827 261.
843 2757 876 2820 in
904 2776 967 2836 quo
994 2755 1064 2836 ipso
1088 2754 1263 2838 principio,
1281 2758 1367 2838 quod

255 2859 420 2923 Ausonius
452 2859 584 2923 inseruit
612 2859 831 2942 epigrammati
852 2865 914 2936 33,
935 2859 964 2922 is
997 2854 1051 2935 qui
1085 2874 1119 2918 se
1147 2857 1366 2922 recensionem

256 2959 711 3023 Bentleio-Wakefieldianam
745 2960 834 3041 sequi
874 2960 1063 3041 profitetur,
1083 2955 1196 3019 horum
1233 2963 1367 3037 utroque

256 3065 363 3142 spreto
394 3061 520 3143 scripsit
546 3061 668 3124 naviter
696 3061 880 3125 Aeneadum
907 3062 1075 3148 portatrix.
1097 3059 1154 3122 sed
1181 3058 1305 3122 Probus
1333 3059 1367 3122 in

255 3167 323 3224 arte
339 3161 462 3226 minore
484 3184 514 3245 p.
527 3167 590 3229 249
605 3161 689 3238 Mai,
708 3161 798 3242 quasi
821 3161 904 3225 hanc
919 3159 1066 3225 vocabuli
1081 3159 1215 3222 formam
1231 3180 1271 3222 ne
1293 3181 1367 3225 uos-

257 3267 306 3326 set
330 3262 479 3343 quidem,
497 3263 654 3345 quaesivit
676 3283 739 3343 qua
761 3263 801 3326 de
818 3284 916 3327 causa
928 3267 1051 3351 positor
1065 3281 1122 3346 per
1144 3264 1160 3324 ί
1179 3268 1210 3324 et
1222 3266 1367 3346 persenia

254 3383 313 3446 per
337 3389 352 3428 e
374 3364 509 3428 litteram
538 3363 751 3428 scriberetur.
769 3364 881 3428 eadem
911 3363 1053 3446 quaestio
1081 3364 1184 3426 locum
1212 3364 1307 3428 habet
1333 3365 1367 3428 in

254 3469 399 3552 genetivo
415 3467 814 3552 619911ιαί11619111110111
827 3515 834 3528 .
851 3487 924 3528 narn
938 3467 1096 3554 penetralia
1108 3464 1271 3531 Charisius
1285 3487 1315 3550 p.
1325 3472 1366 3536 28

256 3585 416 3646 quaenam
440 3587 530 3630 sacra
552 3566 638 3630 dicat
653 3567 783 3643 nescio,
801 3566 861 3629 nisi
883 3566 963 3630 sorte
983 3569 1130 3652 paracollo
1144 3571 1259 3646 τυχαῖα
1284 3586 1366 3648 quae

255 3667 460 3750 appellantur
481 3668 514 3730 in
529 3667 770 3731 Vindobonensi
786 3669 1065 3746 grammaticorum
1087 3668 1212 3750 sylloge
1235 3689 1265 3750 p.
1285 3673 1365 3746 100,

252 3770 398 3853 peaialia
424 3767 465 3832 τὰ
487 3792 582 3848 auxta
609 3769 642 3833 in
670 3768 828 3849 glossario
854 3769 1042 3848 Philoxeni,
1059 3787 1141 3848 quae
1167 3769 1208 3830 ad
1236 3767 1366 3849 genium

254 3868 317 3933 loci
334 3875 499 3951 spectant:
513 3873 675 3955 pabeamus
697 3894 790 3933 casas
812 3889 869 3952 per
894 3897 908 3934 e
932 3871 1000 3934 sinc
1016 3867 1203 3950 exceptione
1220 3867 1367 3932 scribitur

253 3970 286 4032 in
309 3970 403 4034 libris
425 3971 545 4035 saeculi
568 3973 649 4035 sexti
673 3978 705 4036 et
718 3972 956 4054 proximorum,
973 3989 1076 4050 neque
1100 3969 1193 4032 aliter
1213 3973 1366 4055 peccabis

253 4075 336 4136 ocris
352 4073 548 4154 exemplaria
559 4073 692 4136 meliora
707 4071 869 4148 Suetonii,
886 4070 1111 4134 Memmianum
1128 4075 1159 4132 et
1169 4070 1365 4150 Mediceum,

253 4174 285 4236 in
309 4172 486 4238 Octaviano
502 4181 564 4252 80;
585 4179 621 4237 nt
642 4175 681 4238 N.
703 4173 856 4249 Heinsio,
879 4171 933 4253 qui
960 4171 1001 4233 ad
1025 4171 1131 4235 Ovidii
1157 4179 1365 4251 metamur,

253 4278 315 4342 331
346 4280 378 4338 et
407 4293 448 4337 ex
469 4277 569 4339 Ponto
585 4297 642 4353 111,
658 4279 698 4352 2,
717 4279 776 4343 107
801 4273 843 4336 ad
863 4275 1036 4359 positivam
1066 4276 1235 4357 imaginem
1262 4279 1293 4337 et
1324 4273 1367 4338 ad
1454 4311 1458 4319 ·

252 4377 395 4461 penitiora
414 4380 541 4440 aomaba
565 4395 583 4440 e
605 4376 696 4440 libris
717 4373 856 4456 antiquis
880 4373 958 4437 nihil
979 4373 1013 4436 in
1036 4371 1171 4437 schedas
1192 4374 1366 4455 rettulerit,

253 4494 318 4539 non
340 4495 461 4556 magna
482 4476 568 4559 apud
590 4496 640 4541 me
662 4478 742 4542 fides
766 4477 825 4555 sit,
848 4494 952 4555 neque
967 4473 1113 4555 vulgaria
1135 4473 1289 4538 Macrobii
1312 4493 1367 4538 cx-

254 4575 410 4659 emplaria
439 4597 568 4659 curem,
589 4578 624 4641 in
653 4578 768 4660 quibus
796 4576 1013 4643 Saturnalium
1034 4580 1128 4653 n1‚6
1151 4576 1227 4640 Cato
1250 4572 1365 4659 (immo

260 4674 361 4743 Vm
377 4678 413 4741 ²⁰⁷³
430 4678 524 4763 Octa.)
540 4676 582 4744 de
595 4679 706 4744 liberis
721 4678 897 4749 educandis
912 4678 1075 4767 Apelleum
1087 4678 1224 4764 perlabi
1229 4668 1378 4739 mentio-⁵¹
