3509 5442
736 547 886 653 ‘IV
1354 545 1418 613 255

313 723 407 789 tundo
423 721 606 789 addendum
622 724 749 786 censet.
765 739 825 784 nos
848 723 993 783 neutrum
1012 738 1203 802 sequemur,
1220 718 1276 784 sed
1300 718 1419 784 scribe-

315 845 380 890 nus
405 824 494 907 quod
515 823 607 889 unice
629 822 672 887 ad
694 841 761 888 rem
781 819 974 908 facit,forte
995 845 1160 886 nnonnu.

399 933 472 997 154.
506 949 655 991 usurum
689 947 804 988 srmrnr
838 945 1000 989 carrona
1036 947 1176 989 uovsnr
1208 928 1282 989 Pan
1315 946 1418 987 muu-

315 1052 431 1095 lacus
448 1051 616 1110 LEONUM,
633 1050 793 1107 ΟΕΤΕΒΑ,
810 1050 882 1098 QUE
905 1051 1017 1090 VIDE'I'
1032 1050 1176 1113 Arous,
1193 1029 1274 1093 NEC
1292 1049 1418 1103 11111118,

312 1155 426 1197 ocum
448 1154 594 1205 eroon.
617 1133 665 1196 Ita
686 1130 766 1196 haec
780 1128 937 1211 Forbiger
959 1129 1120 1214 distinxit,
1137 1138 1243 1196 mente
1265 1135 1369 1207 mota,
1385 1132 1420 1191 ut

311 1235 480 1320 suspicor,
500 1255 559 1320 per
571 1235 701 1300 leonum
724 1233 914 1298 simulacra.
934 1250 1062 1296 versum
1079 1239 1183 1298 autem
1200 1254 1257 1298 suo
1279 1233 1350 1297 loco
1372 1230 1419 1294 in·

312 1337 413 1403 cisum
436 1324 502 1402 non
524 1356 596 1403 esse
617 1336 701 1401 idem
724 1356 763 1401 ne
779 1335 1001 1401 animadvertit
1016 1335 1164 1419 quidem,
1182 1335 1332 1400 mirificus
1355 1354 1421 1398 ma-

313 1439 435 1520 gister,
457 1438 520 1517 oui
547 1439 633 1504 solus
662 1439 741 1521 legit
766 1458 804 1503 ac
826 1437 901 1502 facit
922 1442 1052 1521 poetas,
1075 1439 1129 1518 qui
1151 1439 1193 1504 ad
1214 1439 1330 1503 librum
1345 1441 1421 1516 1‚o4

316 1541 375 1606 sibi
403 1541 553 1607 ‘breviter
579 1540 902 1606 commemorandum'
923 1540 1013 1604 duxit
1039 1540 1083 1603 ‘in
1106 1541 1274 1619 Lucretio,
1295 1547 1329 1604 ut
1356 1559 1421 1603 om-

316 1644 390 1709 nino
412 1644 567 1728 plurimos
589 1663 702 1710 versus
724 1642 806 1706 male
830 1643 1042 1726 compositos,
1063 1642 1109 1706 sic
1131 1643 1226 1706 etiam
1247 1643 1422 1727 permultos

316 1745 470 1830 inveniri,
494 1766 553 1811 nec
585 1745 676 1811 tertio
694 1795 702 1824 ,
723 1764 782 1809 nec
809 1750 921 1827 quarto
948 1744 1030 1826 pede
1057 1743 1229 1825 legitimam
1256 1763 1422 1809 caesuram

316 1849 491 1916 referentes
503 1846 523 1928 ,³
537 1847 579 1912 ad
600 1845 661 1912 hoc
683 1845 838 1929 exemplis
861 1865 938 1909 usus
953 1843 1048 1909 huius
1070 1845 1176 1925 modi,
1191 1847 1373 1913 Reddenda
1388 1849 1422 1911 ia

316 1953 438 2017 ratcoae
457 1951 462 2037 Ι
481 1975 591 2016 uocare
611 1949 615 2036 Ι
636 1963 663 2015 ct
684 1951 804 2014 camiac
825 1973 932 2012 rerum
943 1998 951 2030 ,
974 1949 1061 2027 Quid
1084 1964 1215 2035 nequeat
1226 1951 1326 2035 finita
1345 1947 1349 2034 1
1366 1972 1422 2034 po-

317 2068 410 2120 testas
433 2053 567 2140 deae'que
589 2055 719 2139 auique,
737 2071 807 2116 cum
830 2055 941 2132 posset
962 2050 1058 2134 paulo
1081 2050 1201 2117 maiore
1222 2072 1293 2117 cum
1317 2050 1423 2134 specie

316 2161 370 2221 aut
392 2156 467 2221 libri
481 2179 505 2218 11
519 2173 646 2219 versum
664 2157 745 2221 1059
769 2153 895 2218 adferre
918 2158 972 2217 aut
994 2174 1033 2217 ea
1055 2153 1094 2219 de
1117 2153 1232 2236 quibus
1254 2152 1359 2218 dicam
1381 2150 1423 2216 ad

317 2282 358 2338 vr,
374 2262 479 2327 1061.
501 2255 627 2322 saniore
652 2254 769 2319 iudicio
792 2254 947 2319 Marullus
970 2255 1095 2339 scripsit
1124 2279 1167 2319 sn
1194 2270 1315 2338 cetera,
1337 2253 1423 2337 quod

316 2359 493 2424 Lambinus
514 2364 545 2422 et
558 2355 797 2438 Wakefieldus‚
815 2356 922 2420 omnia
943 2378 1091 2440 perverse
1113 2357 1328 2442 interpretati,
1344 2352 1424 2421 reie-

317 2468 447 2529 cerunt.
472 2481 536 2526 non
557 2460 636 2526 libet
658 2479 769 2524 corum
792 2466 970 2524 commenta
993 2467 1161 2540 excutere,
1178 2482 1255 2527 cum·
1272 2481 1312 2525 ne
1333 2460 1425 2524 dubi-

316 2563 451 2629 tandum
475 2562 602 2645 quidem
625 2562 665 2627 sit
688 2560 765 2644 quin
785 2561 864 2626 haec
886 2561 931 2625 ita
946 2563 1154 2645 conprienda
1176 2564 1259 2628 sint.
1275 2565 1364 2630 Saule
1387 2564 1424 2628 u·-
1488 2611 1490 2613 -
1562 2547 1563 2551 ¹

317 2681 363 2732 cet
384 2679 516 2731 mentem
537 2667 641 2732 simile·
658 2667 779 2730 ratione
801 2667 938 2746 auocari,
955 2665 1020 2729 Per
1042 2667 1214 2729 samalacra
1236 2687 1382 2728 nnonnu
1398 2680 1426 2730 et

318 2784 422 2836 cetera
444 2793 524 2853 quac
538 2767 623 2833 videt
642 2792 739 2853 aeque
754 2769 820 2832 Nec
835 2768 940 2831 minae
954 2787 1076 2836 Arous
1093 2788 1222 2830 occur.
1239 2763 1312 2830 nam
1326 2767 1426 2832 verba

318 2877 484 2955 postrema
504 2868 566 2934 hoc
589 2867 699 2933 ordine
723 2869 893 2934 scribenda
916 2887 988 2933 esse
1011 2868 1081 2932 Itali
1103 2869 1166 2932 iam
1189 2868 1353 2934 viderunt.

410 2978 482 3041 760.
506 2994 549 3035 or
565 2993 759 3034 musanus
776 2993 943 3033 cassans
965 2993 1039 3035 num
1062 2993 1133 3041 ons
1149 2974 1318 3035 Rnnnrrn
1341 2994 1425 3035 vrrs

319 3097 385 3139 rau
401 3095 497 3137 Mons
512 3097 555 3137 nr
572 3095 688 3138 runnu
704 3095 903 3137 ronlrssr.
920 3072 990 3136 Itali
1009 3078 1040 3137 et
1054 3072 1209 3138 Marullus
1225 3099 1293 3139 eam
1309 3096 1424 3144 ouum.

318 3178 416 3244 iidem
440 3176 522 3240 male
549 3179 647 3242 vitai.
668 3175 922 3259 Havercampum
949 3181 981 3239 et
1002 3174 1235 3240 Wakefieldum
1262 3195 1333 3238 cum
1361 3174 1427 3240 suis

318 3301 384 3345 non
406 3276 520 3362 puduit
542 3298 581 3343 ex
596 3279 726 3344 reddibo
741 3277 909 3362 Plautino,
927 3278 1014 3359 quod
1035 3277 1141 3342 media
1161 3277 1250 3341 brevi
1271 3282 1339 3362 est,
1356 3299 1427 3361 por·

317 3388 441 3448 tentum
470 3378 559 3444 verbi
586 3379 725 3463 fingere,
747 3380 833 3444 unde
860 3379 951 3445 fieret
976 3382 1103 3445 reddita
1123 3378 1231 3444 media
1252 3381 1426 3463 producta.

319 3482 506 3550 Gronovius
529 3480 571 3545 ad
593 3481 734 3547 Senecae
750 3481 909 3565 Oedipum
925 3485 986 3549 271
1010 3483 1150 3548 Reddita
1172 3485 1255 3547 vitai
1273 3487 1338 3548 iam
1360 3509 1428 3549 sors

312 3589 421 3674 parda
449 3597 518 3667 est,
542 3590 682 3649 contorte
709 3590 740 3647 et
768 3583 954 3667 inproprie.
983 3584 1184 3649 scribendum
1216 3591 1264 3650 est
1289 3586 1428 3651 Reddita

317 3709 388 3752 nno
412 3687 479 3750 vita
500 3688 565 3750 iam
587 3712 692 3753 maus.

410 3793 482 3857 765.
506 3788 751 3852 Passennus.
776 3787 958 3866 Quadratus
981 3789 1173 3875 Propterea.

410 3897 483 3960 166.
526 3912 660 3954 mouns
694 3913 847 3961 n1r1oun
885 3913 1073 3958 norrrnu.
1100 3890 1268 3958 Lamotis
1294 3889 1365 3952 Itali
1399 3894 1430 3952 et

316 3993 490 4080 impressi.
1451 4053 1454 4057 .

410 4100 590 4165 ull-817.
618 4097 828 4167 Monruoun
855 4121 891 4160 ru
923 4121 982 4161 rrrs
1015 4120 1131 4161 nunus
1160 4116 1428 4165 ouannuuron.

318 4202 413 4265 Haec
435 4217 584 4280 quoque,
607 4203 641 4262 ut
664 4217 703 4264 ea
731 4217 813 4279 quae
835 4199 932 4282 paulo
960 4206 1033 4263 ante
1061 4196 1331 4263 consideravimus
1348 4202 1430 4275 706,

318 4299 471 4365 Lucretio
504 4298 693 4381 dignissima
725 4306 821 4379 sunt,
848 4321 913 4366 non
952 4300 1177 4386 interpolatore
1215 4319 1310 4383 quem
1342 4299 1432 4382 tingit

319 4401 500 4485 Forbiger:
516 4400 573 4468 sed
596 4403 708 4467 eadem
730 4421 834 4482 neque
858 4422 896 4467 eo
922 4403 1054 4468 consilio
1078 4402 1195 4485 scripta
1217 4407 1310 4480 sunt,
1326 4407 1360 4464 ut
1382 4420 1432 4465 cee

300 4495 400 4571 xteris
424 4504 471 4568 ita
499 4509 533 4568 ut
553 4503 671 4568 factum
698 4508 746 4567 est
771 4502 1011 4589 insererentur,
1033 4524 1137 4586 neque
1164 4504 1229 4567 ullo
1252 4502 1315 4567 alio
1339 4501 1432 4565 huius

319 4604 479 4692 poematis
504 4605 576 4670 loco
604 4605 716 4688 reponi
743 4611 903 4688 possunt.
923 4627 997 4670 nam
1019 4606 1154 4690 primum
1180 4604 1262 4669 haec
1288 4607 1432 4685 coeptam

319 4707 575 4794 disputationem
600 4705 852 4790 interrumpunt,
871 4712 907 4771 ut
931 4706 1031 4774 lector
1047 4728 1073 4772 a
1099 4725 1196 4773 versu
1212 4711 1273 4773 116
1304 4701 1348 4767 ad
1370 4705 1433 4771 818
