3509 5442
857 503 901 568 Vl
1368 509 1432 574 417

321 695 482 737 TIFERAE
494 673 649 736 Frnlcus
662 695 698 736 IN
710 694 891 737 CECROPIT
903 695 1090 738 FUNESTOS
1102 696 1282 738 REDDIDIT
1295 697 1430 740 Aenos·

320 773 491 855 Oblongus
513 775 616 858 prima
638 794 736 838 manu
752 776 928 860 foriestos:
950 775 1093 840 eiusdem
1115 782 1275 842 corrector
1297 780 1432 844 ll‘rribcr

319 879 358 940 r‘rc
375 878 553 963 Cecropiis,
575 865 895 959 quod'Wakefieldus
916 879 1143 959 grammaticae
1162 879 1329 962 imperitus
1343 898 1431 946 rece-

319 978 390 1061 pit.
409 978 482 1043 vide
503 977 586 1062 quae
608 978 674 1043 dixi
694 977 736 1043 ad
750 979 864 1044 librum
880 1002 910 1058 r,
924 986 984 1048 85.
1002 980 1118 1045 rectius
1133 980 1220 1064 apud
1234 981 1430 1047 Macrobium

319 1074 356 1143 in
368 1084 438 1157 vn?
451 1082 584 1145 Iir'rrr'brc
598 1084 632 1145 r‘rr
648 1103 826 1145 cncnor1s
840 1131 846 1144 .
864 1101 938 1144 nam
953 1080 1070 1146 trustra
1081 1082 1254 1148 Lambinus
1265 1134 1273 1161 ‚
1286 1085 1378 1165 quasi
1390 1103 1431 1149 ex

318 1180 412 1245 libris
427 1182 607 1265 veteribus,
624 1185 747 1249 Plirr'bc'
761 1185 940 1270 Cecropiis.
962 1182 1048 1265 quod
1070 1185 1152 1247 enim
1168 1204 1233 1249 non
1248 1187 1327 1250 nulli
1342 1188 1431 1253 dixe·

318 1288 415 1367 runt,
433 1285 579 1370 Cecropis
594 1304 709 1350 nomen
726 1285 861 1368 apoe'tis
876 1284 999 1349 Latinis
1013 1286 1115 1368 prima
1130 1292 1277 1370 correpta
1291 1290 1430 1371 positum

318 1405 387 1449 non
402 1385 553 1470 inveniri,
569 1407 672 1468 neque
688 1391 883 1451 momentum
898 1384 1092 1470 tacitaeque
1108 1407 1216 1452 verum
1233 1396 1298 1454 est.
1311 1389 1344 1454 in
1356 1390 1431 1456 evi-
1529 1461 1535 1468 ‚

320 1486 366 1549 dii
387 1487 683 1571 metamorphoseon
698 1493 821 1566 until
839 1487 965 1554 codices
980 1488 1042 1553 fide
1058 1488 1147 1571 digni
1162 1509 1272 1555 ornnes
1288 1493 1354 1557 Nec
1368 1517 1431 1558 corr

321 1602 351 1653 et
366 1589 531 1675 Cecropis,
553 1617 608 1655 rrec
623 1616 684 1656 aon
700 1592 890 1676 Amphionis
905 1616 1015 1655 areca:
1032 1609 1137 1673 neque
1152 1591 1181 1656 is
1195 1611 1307 1656 versus
1322 1592 1431 1658 delen·

320 1689 384 1755 dus
400 1696 466 1768 est,
488 1691 544 1756 sed
564 1697 629 1757 tres
650 1693 702 1774 qui
724 1712 795 1757 eum
811 1697 978 1756 secuntur.
1001 1692 1058 1756 sed
1073 1692 1107 1755 in
1122 1693 1318 1758 Lucretianis
1332 1694 1430 1776 vulgo

319 1792 458 1875 probant
474 1793 559 1873 quod
575 1798 624 1857 ost
639 1791 725 1877 apud
739 1793 951 1878 Macrobium‚
965 1809 993 1859 cr
1007 1795 1150 1879 mortifer
1165 1808 1286 1860 aestas.
1301 1795 1336 1859 id
1351 1815 1429 1861 vero

320 1913 394 1957 oum
423 1913 555 1976 prorsus
581 1896 721 1979 ineptum
751 1897 811 1972 sit,
838 1895 900 1959 nisi
926 1916 1022 1978 porro
1051 1895 1192 1977 corrigas
1220 1911 1248 1960 cr
1272 1900 1434 1984 mortiferi

320 2010 427 2062 acatos
443 1996 530 2082 (quis
546 1996 629 2060 enim
646 1997 704 2062 has
721 2018 771 2063 res
787 1995 1020 2062 diversissimas
1040 1997 1231 2078 coniungat,
1253 2000 1327 2064 dccc
1347 2004 1430 2066 ratio

320 2113 350 2163 ct
365 2100 509 2182 mortifer
524 2113 628 2163 aestuo
642 2101 818 2165 morbosam
830 2098 881 2184 1),
897 2103 1003 2163 tamen
1026 2099 1067 2163 ab
1089 2097 1215 2162 homine
1230 2099 1317 2163 venit
1331 2121 1352 2164 a
1365 2100 1430 2166 lee-

318 2200 407 2264 tione
429 2200 522 2264 huius
543 2200 698 2281 poematis
721 2220 785 2264 non
808 2200 934 2265 alieno:
956 2218 995 2265 ac
1017 2218 1121 2282 paene
1145 2199 1290 2282 suspicor
1308 2202 1430 2267 Macro-

319 2303 409 2366 bium
431 2302 555 2386 ipsum,
580 2321 651 2364 eum
679 2300 762 2366 huno
789 2302 894 2365 locum
922 2301 1137 2378 exscriberet,
1159 2300 1203 2365 ita
1227 2320 1265 2365 ex
1288 2307 1430 2386 tempore

319 2423 445 2469 versum
475 2402 693 2485 imperfectum
723 2422 836 2467 sanare
864 2409 1011 2466 conatum
1033 2422 1125 2468 esse.
1148 2423 1253 2486 neque
1276 2405 1430 2470 Lambino

321 2505 435 2570 melius
458 2505 608 2569 successit
630 2504 794 2587 temptanti
818 2518 845 2568 et
861 2507 1006 2589 mortifer
1021 2517 1096 2568 ocr.
1112 2503 1234 2569 felicior
1247 2505 1299 2571 hic
1313 2507 1431 2574 Wake-

319 2606 435 2671 fieldus
457 2605 536 2682 luit,
560 2627 630 2671 eum
652 2606 802 2671 scriberet
822 2608 905 2669 ratio
926 2606 1100 2668 morborum
1123 2618 1151 2669 et
1165 2609 1347 2693 morteferoc
1361 2613 1430 2674 coir.

321 2705 380 2773 sed
402 2707 509 2773 nullus
531 2708 581 2772 bic
602 2708 732 2788 ingenio
756 2703 933 2770 exercendo
961 2705 1050 2768 locus
1077 2711 1144 2783 est,
1169 2727 1242 2770 cum
1265 2705 1299 2770 id
1325 2708 1430 2790 ipsum

322 2808 410 2892 quod
431 2809 504 2873 libri
528 2808 677 2874 exhibent
692 2808 891 2874 verissimum
908 2806 968 2881 sit,
986 2805 1112 2870 sirecte
1129 2807 1324 2890 explicetur,
1340 2811 1431 2875 Haec

321 2913 405 2976 ratio
421 2911 576 2996 quondam
593 2914 767 2975 morborum
790 2924 818 2975 et
831 2907 960 2973 nonrr'
974 2929 1104 2973 nnnar.
1121 2929 1313 2991 quamquam
1328 2908 1430 2975 faten-

322 3013 398 3078 dum
421 3019 470 3077 est
491 3013 536 3076 ita
556 3013 660 3096 perire
682 3011 810 3095 generis
831 3009 1000 3075 masculini
1021 3029 1154 3094 vocem,
1176 3029 1276 3091 aqua
1290 3028 1331 3075 ea
1346 3030 1429 3094 quae

321 3121 471 3180 secuntur
493 3112 652 3197 pendent,

413 3220 503 3282 1141.
533 3215 617 3280 ΝΛΜ
645 3237 801 3278 rnnrrus
831 3235 964 3276 vnnrns
995 3235 1155 3276 nnorrrr
1184 3235 1335 3276 murcos
1365 3235 1430 3278 on·

322 3339 414 3399 rus,
443 3318 545 3380 Anna
575 3338 815 3395 1›r,nmnssus;
844 3316 899 3380 ubi
928 3322 1013 3381 recte
1041 3320 1199 3379 corrector
1226 3313 1371 3396 quadrati
1399 3321 1432 3381 61

321 3418 468 3501 impressi
500 3418 625 3484 codices
654 3441 832 3481 veniens,
862 3416 921 3482 sed
951 3418 1030 3481 haec
1057 3418 1128 3500 ipsa
1151 3419 1278 3502 percitus
1304 3420 1431 3482 oeor'om

323 3523 466 3608 Aeppptr'
474 3522 597 3606 fim'bcs
620 3542 692 3585 cum
715 3518 892 3596 sufficiant,
914 3540 988 3596 eur,
1011 3537 1152 3601 quaeso,
1169 3518 1304 3582 molesta
1319 3519 1432 3583 verbo-

322 3623 416 3687 sitate
432 3636 518 3686 ortuo
538 3621 699 3685 adicitur?
723 3622 793 3702 quis
816 3620 913 3700 igitur
935 3619 995 3684 hoc
1016 3619 1171 3683 vocabulo
1194 3638 1431 3702 supervacaneo

323 3722 427 3787 eiecto
451 3720 606 3786 dubitabit
627 3722 660 3786 id
685 3723 769 3804 quod
793 3721 1005 3785 necessarium
1029 3728 1077 3784 est
1096 3719 1263 3784 scribere?
1277 3719 1311 3782 id
1326 3724 1432 3783 autem

322 3842 396 3888 esse
424 3845 567 3887 nonnos
597 3823 866 3888 demonstratione
895 3841 960 3885 non
987 3827 1079 3904 eget,
1107 3840 1299 3902 quamquam
1325 3822 1432 3886 Avan-

322 3924 387 3988 tius
410 3912 498 3989 dedit
520 3927 639 3992 Orcus.

412 4031 503 4095 1143.
532 4027 713 4091 lsoooorr
742 4047 889 4088 rnnonm
916 4045 1060 4089 corono
1088 4045 1287 4087 rismonrs
1316 4026 1431 4094 onsn‘.

323 4126 493 4208 Oblongus
516 4153 653 4208 omnem,
680 4126 851 4207 quadratus
874 4152 962 4192 omre
973 4153 984 4210 ‚-
1004 4132 1040 4190 ut
1061 4130 1214 4207 appareat
1233 4123 1269 4189 id
1289 4125 1377 4207 quod
1397 4127 1432 4192 in

322 4228 386 4292 fine
414 4248 526 4294 versus
555 4234 639 4294 certo
668 4228 819 4308 cognosci
847 4248 912 4291 non
938 4227 1040 4311 potuit
1068 4245 1174 4290 errore
1195 4225 1336 4291 habitum
1359 4247 1431 4293 esse

321 4349 382 4414 pro
405 4330 497 4410 signo
520 4354 542 4393 m
562 4331 705 4407 litterae,
728 4349 797 4393 curn
820 4337 907 4394 esset
928 4329 1034 4413 potius
1053 4350 1084 4390 1.
1107 4334 1192 4392 recte
1213 4327 1309 4411 igitur
1326 4329 1432 4394 Avan-

322 4432 386 4495 tius
410 4453 519 4496 cunr.
537 4430 638 4498 codex
653 4430 885 4513 Neapolitanus
900 4428 1057 4513 Propertii
1072 4450 1115 4505 1v,
1126 4433 1153 4508 l,
1166 4434 1208 4495 22
1229 4430 1431 4516 dupliccr'fc·

322 4559 400 4598 nore
411 4584 420 4616 ,
443 4533 483 4597 de
507 4553 569 4614 quo
593 4551 710 4614 genere
734 4532 799 4596 dixi
822 4532 864 4596 ad
888 4531 1002 4595 librum
1024 4553 1066 4607 ιν,
1084 4535 1169 4600 602.
1193 4530 1293 4594 sicin
1316 4530 1431 4594 dativis

1160 4635 1201 4696 27
