3509 5442
329 553 371 618 20
874 550 888 612 Ι

330 743 408 783 err.
425 723 508 785 Fero
533 724 655 785 moenio
682 719 870 784 scholiastes
897 719 988 784 Statii
1014 719 1056 783 ad
1082 721 1264 787 Thebaidos
1281 745 1337 801 ιιι,
1355 727 1437 793 296:

329 847 460 887 munero
485 822 556 885 Itali
582 824 634 887 hie
660 827 691 887 et
716 821 750 885 in
775 841 870 886 versu
886 826 947 897 29,
967 844 1140 887 sisennus
1168 823 1288 905 primus
1311 824 1439 890 Lambi-

328 945 409 990 nus.
432 931 498 988 tum
520 925 590 989 Itali
613 931 644 990 et
657 925 813 1005 interpres
837 922 928 986 Statii
943 926 1143 1010 Armipotens
1166 948 1296 989 anam.
1315 930 1348 990 in
1369 953 1439 1012 pre

328 1030 423 1091 mium
448 1049 510 1097 our
532 1032 657 1109 praeter
682 1025 755 1088 illos
784 1030 943 1089 corrector
966 1026 1116 1108 oblongi.
1133 1020 1237 1092 Redit
1263 1026 1438 1109 quadratus

329 1133 360 1194 et
375 1128 533 1204 schedae,
549 1129 662 1212 Reieit
677 1127 836 1207 oblongus
859 1133 890 1190 et
914 1128 987 1190 olim
1010 1128 1177 1211 impressi,
1195 1130 1324 1214 Reffleit
1345 1130 1437 1194 itali.

329 1229 415 1313 apud
430 1230 623 1294 scholiaslen
639 1230 730 1293 Statii
746 1233 884 1295 Reiieit:
901 1229 957 1294 sed
979 1229 1096 1295 ibidem
1114 1231 1274 1295 devinctus
1288 1233 1438 1307 uulnere,

330 1331 416 1416 quod
431 1332 606 1395 Lambinus
629 1330 715 1394 dedit
737 1331 877 1414 primus,
895 1332 948 1412 qui
971 1352 1040 1395 eum
1057 1332 1274 1395 Bertinianum
1295 1332 1438 1398 codicem

330 1433 411 1498 inter
434 1434 515 1497 alios
539 1440 650 1497 testem
673 1432 828 1509 advocat,
844 1433 983 1496 fallitur.

414 1541 464 1604 35.
490 1558 614 1597 nnnrrr
631 1558 807 1598 enrrvron.
825 1534 981 1598 Antonius
997 1535 1088 1598 Mani
1102 1536 1187 1600 filius
1203 1560 1357 1600 'inunum
1375 1541 1439 1603 aive

329 1640 404 1702 teris
432 1637 626 1702 Columellas
655 1637 849 1720 exemplaria
875 1637 907 1699 in
936 1637 1016 1700 libro
1033 1661 1085 1713 rx,
1106 1642 1117 1703 l
1135 1689 1142 1714 ,
1159 1644 1200 1715 3,
1221 1642 1381 1725 praepetis
1406 1639 1438 1703 in

326 1737 487 1806 Aeneidos
503 1762 557 1815 ιιι,
578 1745 637 1806 36]
664 1738 895 1803 hlediceum.e
920 1740 1077 1802 contrario
1104 1738 1188 1803 idem
1215 1740 1248 1802 in
1274 1739 1437 1806 Aeneidos

328 1864 380 1919 vr,
402 1846 464 1909 814
487 1841 629 1905 recedes.
651 1841 877 1922 grammaticus
904 1839 1162 1906 vindobonensis
1184 1862 1214 1923 p.
1235 1846 1300 1907 444
1328 1841 1437 1922 deses,
1459 1849 1465 1861 '

326 1969 387 2010 non
411 1944 513 2008 deora.
536 1968 619 2008 reses
630 1993 638 2024 ,
660 1968 720 2007 note
742 1949 840 2006 resia
861 1942 923 2007 hoe
945 1950 1032 2007 recto
1061 1963 1138 2007 easu
1164 1942 1271 2025 posuit
1293 1941 1436 2007 Lucilius

325 2045 412 2130 apud
426 2046 555 2109 Festum
571 2066 601 2127 p.
614 2048 698 2121 213,
714 2051 734 2111 5
751 2045 815 2107 Pro
831 2046 935 2108 obtuso
951 2070 1003 2109 ore
1016 2047 1113 2132 papii
1123 2047 1320 2109 Pieeinensis
1331 2069 1435 2121 reses,

326 2145 358 2211 id
381 2151 429 2212 est
450 2151 515 2208 tam
529 2145 666 2226 ignavus
687 2165 782 2225 quam
799 2150 1048 2210 consentaneum
1071 2153 1210 2210 osteum
1234 2145 1302 2210 fieri
1328 2146 1381 2210 cui
1401 2165 1436 2211 os

325 2247 442 2333 pugnis
467 2248 614 2312 obtusum
639 2246 698 2311 sit.
714 2247 812 2309 Deras·
837 2259 864 2308 et
886 2250 1051 2331 impartiens
1073 2247 1285 2312 Terentianus
1304 2248 1436 2312 Maurus

328 2357 429 2419 1285.
439 2375 556 2435 perpes
583 2349 616 2412 in
643 2345 807 2412 selrlenliis
829 2346 954 2442 Publii,
971 2350 1036 2412 Nee
1064 2353 1129 2413 nitu
1152 2375 1206 2414 nee
1247 2362 1362 2413 ortunu
1386 2349 1435 2411 irc·

324 2455 460 2519 minibus
481 2477 593 2537 perpes
616 2464 679 2514 est.

411 2559 463 2621 43.
489 2574 657 2616 comiteur
679 2575 715 2614 ιιι
738 2574 824 2613 assa
849 2575 979 2615 senum
994 2602 1000 2615 .
1018 2552 1185 2617 Corrector
1201 2552 1333 2633 oblongi
1355 2580 1435 2618 com·

325 2659 416 2723 mnne
429 2655 552 2730 sessa,
570 2653 644 2717 oum
660 2653 806 2735 impressi
822 2676 954 2715 ιιι...
973 2654 1080 2718 versus
1097 2639 1228 2736 congus
1247 2675 1277 2737 p.
1294 2658 1378 2720 2227
1396 2655 1435 2720 n

325 2761 382 2824 irco
394 2772 496 2823 autern
514 2778 558 2817 nn
568 2758 823 2841 praepositione,
841 2783 936 2840 quom
953 2757 1333 2842 ds'aiplenamprneponi
1340 2806 1348 2837 ,
1365 2759 1433 2820 aesi-

324 2858 579 2926 madoertene'ium
594 2857 679 2920 illud
689 2907 696 2936 ,
713 2856 798 2941 qnod
808 2859 1025 2937 inebriabitur,
1043 2861 1075 2922 si
1086 2858 1213 2943 quando
1225 2882 1357 2942 sequens
1372 2882 1435 2924 eon

324 2987 344 3026 a
361 2962 465 3027 littera
480 2981 499 3022 n
517 2960 628 3043 (aliter
640 2956 826 3041 Pulschius)
842 2961 974 3043 ineptit,
992 2973 1024 3021 ut
1041 2974 1084 3022 est
1100 2960 1231 3023 der-none
1243 2959 1353 3042 desse;
1369 2985 1434 3045 pua

324 3065 533 3129 enuntiatione
555 3061 674 3144 suspicit
697 3062 768 3144 ipsu
787 3061 974 3144 productio.

408 3166 554 3232 44—49.
579 3160 705 3224 Omnes
729 3183 817 3222 nsum
840 3185 909 3223 rau
933 3184 973 3223 sn
997 3183 1114 3224 ιιιιυιι
1138 3184 1284 3225 neruus
1300 3184 1432 3227 uncas·

325 3288 408 3330 sasr
431 3266 642 3328 lmuonrunr
670 3284 768 3324 navo
792 3285 914 3324 sursus
944 3286 1014 3325 eru
1044 3264 1434 3342 seuerissimis·

323 3389 421 3432 nore
457 3388 502 3428 ns
537 3386 689 3426 uosrnrs
727 3387 844 3427 nunus
883 3388 1142 3436 surriseruoon
1180 3388 1323 3430 uonna:
1348 3368 1432 3431 Neu

323 3489 484 3533 PRIVATA
513 3487 659 3528 DOLORE
692 3488 989 3542 οιιΝι,Ρ1ιΙι·ΑΤΑ
1018 3491 1186 3530 PERICLIS
1209 3520 1216 3546 ,
1241 3470 1323 3530 IPSA
1352 3490 1432 3533 SUIS

322 3592 485 3635 reuersus
508 3591 659 3645 orrens,
681 3591 782 3630 nrum.
803 3592 934 3633 risuros
954 3573 1319 3649 nosnn1,Nscsnnn
1342 3592 1432 3635 Pno-

278 3693 280 3697 ’
322 3694 472 3736 nnnrnrs
496 3692 654 3734 carmon
677 3693 743 3733 une
761 3693 947 3735 rnnorrun
970 3696 1050 3736 run.
1067 3674 1134 3738 Hos
1150 3692 1261 3738 versus
1277 3672 1432 3737 Marullus

322 3773 476 3841 delendos
498 3793 569 3839 esse
592 3772 689 3850 vidit;
707 3793 787 3853 quos
812 3794 867 3838 eur
890 3793 928 3836 ex
951 3773 1032 3837 libro
1049 3797 1092 3851 ιι,
1109 3780 1171 3843 646
1192 3775 1292 3839 lector·
1313 3771 1432 3838 trustra

324 3876 467 3941 curiosus
489 3876 523 3939 in
544 3875 629 3939 huno
650 3874 755 3939 locum
778 3875 979 3939 transtulisse
1002 3874 1180 3952 videretur,
1196 3877 1327 3939 lsaaeus
1350 3875 1432 3940 Vos-

323 3976 389 4042 sius
411 3982 495 4042 recte
518 3976 660 4059 aperuit:
677 3977 722 4039 ‘ut
738 3974 928 4040 ostenderet'
950 3975 1052 4056 inquit
1074 3976 1267 4040 ‘Lucretium
1291 3976 1353 4041 sibi
1375 3975 1431 4040 ad·

321 4076 461 4154 versari,
478 4076 532 4157 qui
556 4097 626 4141 cum
642 4075 719 4141 deos
735 4077 881 4142 mortalia
896 4098 961 4140 non
978 4097 1088 4142 curare
1104 4076 1257 4154 affirmet,
1273 4079 1430 4143 Venerem

320 4182 428 4243 tamen
448 4177 575 4243 invocet
586 4178 603 4241 .'

406 4285 457 4348 50.
481 4284 531 4348 51.
570 4278 676 4355 Quen
705 4304 888 4345 supnnnsr
922 4306 964 4345 ur
994 4305 1138 4345 vacuus
1170 4304 1281 4344 nurus
1309 4282 1430 4346 Samo·

321 4403 394 4446 nou
420 4404 440 4444 n
464 4403 570 4444 cunrs
593 4404 704 4444 amns
731 4405 854 4447 vunnu
882 4408 928 4447 uo
951 4406 1167 4448 samonam.
1197 4384 1250 4449 sie
1273 4384 1430 4458 membrass

303 4500 381 4558 ⁸uae
407 4482 476 4547 sine
507 4483 573 4546 ulla
598 4483 718 4562 litura,
740 4486 866 4567 qualem
894 4487 928 4549 in
957 4486 1141 4551 Bertiniano
1174 4485 1274 4551 fuisse
1301 4485 1431 4550 Lambi-

318 4602 379 4649 nus
410 4583 519 4665 fingit.
537 4604 576 4649 ex
607 4584 657 4648 his
683 4608 728 4649 ur
761 4588 936 4654 tollendum
969 4595 1054 4652 recte
1085 4586 1238 4652 iudicavit
1257 4592 1431 4653 ¹corrector

318 4684 472 4768 oblongi.
496 4691 562 4750 tum
583 4687 741 4754 Antonius
763 4689 879 4768 Marii,
907 4689 1077 4771 impressi,
1100 4688 1279 4765 Marullus,
1310 4713 1430 4754 vacuas
