3509 5442
318 501 383 568 3⁷4
851 494 895 559 vl

320 672 353 732 in
369 668 488 734 cadam
504 664 678 744 Aventius,
694 663 810 731 rectius
834 682 929 746 quam
952 663 1106 730 Marullus
1128 666 1211 732 banc
1236 669 1269 731 in
1294 682 1421 732 coetum:

319 789 392 833 nam
415 788 485 831 oum
509 765 602 829 modo
626 765 666 832 de
688 766 816 832 aethere
839 765 957 837 dictum
980 772 1087 845 esset,
1103 766 1149 831 ita
1170 767 1278 850 magis
1300 777 1422 852 apparet

321 875 410 934 extra
426 889 519 951 quem
534 867 639 931 locum
653 867 710 931 illa
725 887 860 952 corpora
876 886 948 932 esse
963 866 1108 930 dicantur
1131 888 1215 950 quae
1239 872 1422 935 ectrinsecm·

321 969 518 1035 adveniunt.
535 968 591 1034 sed
607 991 691 1032 mar
708 971 847 1056 Cor-pom
862 969 1026 1034 verissime
1042 969 1198 1034 Marullus
1222 976 1254 1034 et
1271 977 1347 1035 ante
1362 990 1422 1034 eum

321 1071 412 1136 Itali.
429 1091 503 1135 mox
517 1090 612 1135 versu
623 1075 685 1139 486
702 1070 876 1153 quadratus
892 1084 1091 1157 quantoque,
1107 1068 1270 1153 oblongus
1289 1077 1321 1136 et
1335 1071 1423 1136 Italici

324 1188 522 1260 cunctaque.

408 1279 481 1343 488.
504 1274 787 1336 Innanonsnran
808 1296 987 1339 sermon.
1009 1273 1163 1339 Marullus
1182 1296 1255 1338 raa
1275 1276 1424 1362 spatium.

408 1380 481 1443 489.
505 1376 610 1438 Hnor
623 1397 750 1439 rarrun
761 1398 923 1440 nraunsr
936 1428 944 1454 ‚
958 1399 990 1440 ει
1001 1398 1120 1439 Pravo
1133 1397 1309 1440 rampone
1323 1398 1424 1440 sranr

324 1478 408 1540 Tru
436 1498 570 1540 nnanrs
597 1498 735 1540 nonrrs
766 1499 960 1543 remensus
989 1500 1114 1549 eroon
1144 1499 1339 1541 ressonis
1366 1476 1425 1542 Co-

325 1601 482 1641 nnmrnr
504 1600 625 1642 nrnrn
648 1600 692 1641 sc
717 1600 854 1643 rannus
877 1603 1033 1644 rnnnnsn
1057 1601 1251 1643 suranna.
1279 1579 1342 1644 Hic
1363 1585 1426 1644 ante

252 1717 254 1722 ·
326 1677 434 1744 omnia
449 1679 666 1745 Goonnrarr
687 1680 888 1746 scribendum
907 1689 956 1748 θεῖ
970 1701 1010 1745 ex
1025 1679 1181 1746 constanti
1195 1700 1259 1746 usu
1273 1681 1426 1746 Lucretii.
1474 1664 1475 1733 Ϊ

324 1778 399 1844 vide
414 1803 457 1860 IV,
471 1786 533 1849 814
553 1805 581 1860 V,
598 1786 657 1850 192
676 1787 736 1850 748
755 1788 815 1851 799
834 1788 915 1852 1238
936 1805 978 1861 vr,
992 1788 1054 1851 375
1072 1785 1173 1851 1012.
1190 1788 1258 1848 tum
1274 1806 1426 1847 usurus-

326 1903 391 1946 rrs
413 1882 485 1948 Itali
509 1890 540 1948 et
560 1883 726 1968 impressi.
748 1883 805 1948 sed
827 1903 892 1947 non
914 1884 995 1950 bene
1009 1882 1164 1948 Marullus
1187 1891 1219 1949 et
1241 1885 1341 1975 ceteri
1359 1887 1428 1951 Tam

326 2010 457 2071 mapnoc
480 1983 596 2050 ¹montis
624 1999 787 2071 tempestas
815 2000 908 2071 atque
931 1986 1074 2051 tenebrae
1096 1988 1311 2073 Coeperiant,
1333 1988 1430 2051 maria

327 2113 364 2151 ac
380 2100 480 2151 terras
495 2089 637 2173 impensa
652 2111 785 2172 superne
798 2112 807 2151 .·
818 2107 893 2151 nam
909 2094 1016 2152 ettam
1032 2089 1144 2172 maqni
1155 2092 1281 2151 montes
1296 2085 1430 2151 tenebris

328 2185 443 2252 obduci
464 2207 595 2271 prorsus
615 2186 722 2270 inepte
744 2187 911 2265 dicuntur,
928 2194 959 2252 et
976 2187 1127 2252 tenebrae
1147 2191 1255 2254 maria
1278 2213 1318 2253 ac
1337 2201 1431 2253 terrae

328 2292 486 2375 impensae
502 2288 581 2352 mira
596 2281 749 2367 σύνταξις
766 2295 833 2368 θεῖ,
854 2288 906 2354 cui
927 2288 1062 2353 similem
1082 2310 1146 2353 non
1162 2289 1282 2353 tulitin
1298 2287 1431 2354 Terentii

327 2388 518 2454 Phormione
530 2411 551 2466 1,
559 2394 589 2472 4,
600 2393 619 2456 2
632 2389 815 2467 Bentleius,
832 2390 885 2455 ubi
902 2395 968 2455 erat
983 2404 1070 2454 carita
1082 2415 1129 2454 me
1140 2390 1325 2477 impendent
1334 2391 1431 2455 mab.

327 2489 378 2553 hic
400 2488 536 2555 fortasse
558 2510 624 2555 non
646 2497 755 2556 recte:
779 2498 863 2556 certe
886 2489 1049 2556 confirmat
1069 2490 1150 2556 illud
1170 2491 1311 2557 Messius
1332 2496 1433 2576 psas

327 2591 360 2654 in
382 2591 542 2655 Frontone
563 2590 659 2670 Maii,
681 2598 712 2656 et
732 2591 820 2677 apud
841 2592 971 2656 Festum
993 2612 1024 2675 p.
1040 2596 1142 2672 161,ss
1164 2592 1318 2674 leguntur
1340 2592 1434 2676 haec,

331 2694 383 2757 Me
407 2717 468 2779 pro
496 2695 577 2758 mibi
600 2693 744 2759 dicebant
765 2697 915 2780 antiqui,
939 2709 972 2757 nt
994 2732 1036 2739 -
1059 2695 1205 2759 Lucilius
1227 2695 1325 2760 Nunc
1348 2695 1393 2759 ad
1411 2709 1435 2760 te

330 2794 439 2877 redeo,
456 2808 489 2858 at
504 2820 584 2881 qaae
605 2820 656 2860 res
678 2821 725 2861 me
740 2795 896 2881 impendet
911 2809 1048 2883 ayatar3
1062 2794 1137 2859 item
1152 2795 1240 2879 apud
1254 2796 1436 2861 Lucretium

330 2918 350 2978 1,
365 2899 427 2963 326
443 2897 528 2978 Nec,
544 2921 631 2961 mare
650 2921 730 2982 qaae
753 2895 922 2982 inpendent
931 2945 940 2978 ,
956 2920 1043 2961 vesco
1066 2897 1132 2961 sale
1154 2921 1238 2962 saxa
1251 2923 1393 2984 peresa.
1409 2900 1437 2960 et

328 2995 389 3061 hoc
415 2995 459 3062 ad
480 2995 618 3060 Terentii
646 3015 770 3062 versum
798 3017 817 3060 a
840 2996 966 3061 Donato
995 2997 1171 3062 adhibitum
1197 2997 1302 3065 fuisse
1330 3018 1370 3063 ex
1393 2997 1438 3063 eis

329 3105 464 3183 apparet
486 3116 567 3180 quae
583 3096 838 3180 Lindenbrogius
860 3119 891 3181 p.
904 3102 966 3168 647
989 3119 1006 3163 θ
1028 3099 1110 3164 libro
1132 3106 1239 3165 vetere
1261 3099 1392 3184 adfert,
1408 3113 1439 3163 ta

330 3226 362 3266 es
380 3201 500 3266 corcoli
519 3224 601 3264 sana
618 3225 734 3285 peresa
748 3249 754 3263 .
770 3205 894 3265 veteres
909 3200 1029 3267 dixisse
1046 3203 1206 3290 impendeo
1222 3218 1250 3268 te
1264 3200 1439 3267 Diomedes

329 3300 429 3366 refert
450 3321 481 3384 p.
495 3305 582 3370 305.
607 3299 666 3365 sed
690 3301 723 3364 in
752 3306 860 3365 nostro
888 3322 983 3367 versu
1012 3304 1056 3368 ita
1083 3303 1260 3369 orationem
1288 3309 1438 3368 structam

265 3475 268 3481 ¹
330 3403 474 3485 accipere
496 3421 628 3467 necesse
649 3422 713 3466 non
731 3410 797 3468 est:
814 3404 919 3488 aptius
940 3405 1023 3469 enim
1046 3409 1153 3472 maria
1175 3431 1212 3470 ac
1235 3420 1343 3473 terrae
1364 3412 1440 3471 tem·

330 3508 453 3588 pestate
480 3508 512 3567 et
536 3502 675 3567 tenebris
700 3508 858 3590 cooperati
878 3505 1050 3586 dicuntur;
1074 3513 1105 3572 et
1126 3506 1203 3572 satis
1226 3512 1352 3572 eertum
1374 3514 1439 3584 est,

332 3623 523 3686 quamquam
546 3623 587 3669 ne
610 3604 784 3672 Lambinus
808 3606 935 3689 quidem
960 3606 1058 3686 vidit,
1082 3611 1225 3695 impensa
1252 3608 1318 3674 dici
1346 3627 1440 3693 posse

332 3724 414 3789 quae
436 3704 637 3788 impendent.
659 3706 739 3771 dixit
758 3707 803 3774 ita
817 3709 940 3774 Seneca
958 3709 991 3774 in
1005 3710 1142 3775 Hercule
1161 3714 1264 3790 1592,
1280 3713 1376 3776 nulla
1390 3712 1438 3775 do-

331 3811 467 3873 minetur
482 3809 559 3873 acla
575 3809 641 3887 Qui
653 3821 741 3895 patet
761 3811 860 3875 solam
881 3811 975 3876 decas
990 3837 1055 3877 esse
1070 3815 1164 3899 repni
1175 3813 1309 3899 Semper
1326 3817 1438 3901 impen-

332 3936 401 3976 sam
421 3912 556 3976 tenuisse
567 3912 719 3998 fernam,
740 3911 773 3975 id
789 3918 836 3977 est
847 3913 995 4000 gladium
1010 3928 1111 3980 tenere
1126 3915 1378 4002 impendentem.
1393 3933 1440 3979 ee·

330 4018 401 4076 tera
421 4011 586 4095 inaperta
609 4018 725 4097 erunt,
749 4013 777 4077 si
799 4013 973 4079 scribemus
998 4019 1075 4081 Tam
1097 4019 1222 4103 mappis
1244 4039 1395 4081 nrnsrs.

417 4118 489 4181 492.
517 4137 585 4177 nnn
609 4138 742 4179 crvrrs
765 4139 978 4181 rennuere.
1006 4120 1071 4183 Per·
1099 4140 1241 4182 cacans
1264 4119 1438 4184 Marullus.

332 4215 365 4279 in
388 4216 460 4296 lege
483 4216 632 4283 Cornelia
654 4219 694 4285 de
716 4244 760 4284 xx
783 4221 1006 4304 quaestoribus
1021 4225 1051 4300 2,
1063 4227 1102 4288 41
1127 4246 1262 4308 quoram
1285 4226 1441 4288 viatorum

329 4343 520 4405 praecanam
537 4324 663 4385 nomina
679 4325 712 4386 in
724 4326 769 4389 eis
781 4325 936 4391 decanicis
948 4325 993 4390 ad
1002 4326 1109 4391 aedem
1121 4325 1260 4393 Saturni
1272 4329 1308 4392 in
1319 4332 1440 4415 pariete

331 4424 417 4487 intra
434 4426 540 4488 caviac
549 4450 707 4511 proxume
722 4443 792 4494 ante
808 4432 888 4494 barre
904 4433 1002 4520 lepem
1013 4480 1097 4497 ......
1114 4430 1159 4495 ita
1171 4430 1380 4518 thtliugus,
1396 4433 1439 4497 Si-

330 4525 447 4608 gonius
462 4528 547 4591 intra
562 4524 695 4595 caveas:
710 4531 880 4614 legendum
897 4536 1025 4600 caniac.
1042 4531 1205 4598 Charisius
1220 4539 1348 4618 p211,
1364 4537 1439 4602 iuter

332 4629 477 4714 exempla
498 4631 788 4715 praepositionum,
812 4638 896 4702 aare
918 4639 1028 4703 caeles
1046 4686 1053 4698 .
1073 4635 1162 4720 apud
1180 4637 1382 4706 Macrobium
1404 4638 1439 4703 de
