3509 5442
404 589 467 653 306
944 572 974 640 V

405 754 478 819 litas
500 752 586 834 apud
602 748 779 816 charisium
796 768 826 830 p.
842 753 901 815 177
925 750 1059 828 apparet
1079 744 1113 809 in
1128 744 1235 811 verbis
1249 746 1367 829 Aspri.
1383 745 1414 810 is
1436 745 1507 810 enin

406 857 446 921 de
463 854 676 935 Sallustium,
693 850 780 934 quod
802 855 851 915 est
866 850 1007 915 Ceteram
1030 848 1196 912 eonsilium
1219 863 1264 914 est
1281 849 1439 936 Tiqrauie
1448 897 1457 930 ,
1472 847 1508 910 iu

406 956 602 1040 quaesivisse
625 954 758 1031 dieitur,
775 954 915 1018 Celerum
940 948 1091 1035 quomodo
1109 952 1249 1034 positum
1271 952 1344 1016 eet?
1356 975 1419 1035 pro
1440 951 1506 1015 alio

406 1061 509 1147 quiri?
523 1060 667 1143 alioquin
689 1054 765 1141 (hoe
779 1052 863 1117 enim
885 1050 936 1115 bis
957 1047 1159 1113 scribendum
1183 1050 1244 1134 est)
1261 1054 1432 1117 eorreila’um
1454 1065 1506 1116 ert.

406 1189 448 1228 au
454 1185 517 1247 pro
529 1161 695 1238 relicuum,
709 1170 742 1220 ut
753 1158 794 1219 sit
805 1154 935 1217 rrorneu?
948 1153 1080 1219 relicum
1091 1154 1258 1218 remilium
1270 1167 1334 1219 eet.
1348 1171 1433 1235 quae
1444 1152 1507 1216 Lin-

406 1265 583 1328 demannus
597 1260 642 1322 ita
657 1254 799 1321 distinxit
817 1261 853 1319 ut
867 1252 1010 1335 intellegi
1031 1274 1095 1318 non
1110 1253 1253 1337 possint.
1270 1260 1321 1320 est
1335 1261 1444 1319 antem
1459 1254 1507 1319 Oe

407 1386 516 1432 eorum
539 1389 560 1428 u
582 1363 809 1426 oonsonantem
833 1354 941 1419 faeere
965 1375 1022 1437 pro
1045 1355 1168 1434 vocali,
1186 1355 1240 1438 qui
1262 1355 1417 1422 dixerunt
1438 1359 1506 1443 Cap-

299 1490 302 1496 ·
406 1494 478 1534 vom
506 1480 534 1531 et
560 1464 712 1528 Pacuium
724 1485 735 1542 5
761 1458 847 1541 quod
869 1456 1057 1522 Theodorus
1080 1457 1309 1522 Mommsenius
1336 1477 1441 1541 nuper
1462 1457 1504 1522 do

408 1567 490 1634 enit.
513 1567 621 1648 itaque
643 1562 745 1625 Varro
769 1562 922 1624 Faenium
948 1559 982 1623 in
1004 1559 1071 1624 suis
1097 1559 1137 1623 de
1159 1557 1269 1639 lingua
1289 1559 1410 1623 Latina
1430 1559 1508 1624 libris

409 1670 470 1756 (sio
497 1669 562 1733 fere
590 1684 715 1747 semper
735 1660 951 1743 Florentinus)
980 1668 1011 1725 et
1037 1661 1071 1725 in
1100 1661 1330 1744 epigrammate
1358 1661 1448 1743 quod
1469 1668 1509 1727 est

408 1772 495 1855 apud
505 1769 643 1836 Nonium
660 1787 690 1849 p.
701 1771 750 1846 88,
763 1769 804 1839 4,
821 1760 1019 1846 Pacuuium
1032 1761 1207 1846 Pacuuius)
1219 1762 1402 1848 discipulae
1413 1764 1508 1846 dicor,

404 1898 502 1961 porro
517 1873 623 1956 isfuit
635 1870 736 1947 Emu',
751 1866 868 1928 ffierriu'
880 1888 1064 1928 musarum:
1079 1865 1258 1949 Pompilius
1268 1865 1392 1929 elueor.
1405 1865 1509 1930 eudem

408 1976 542 2060 pertinet
563 1973 692 2037 Vesvius
707 1986 817 2040 mone,
834 1964 889 2045 qui
911 1965 1034 2028 anullo
1050 1973 1213 2047 poetarum
1228 1964 1338 2030 dietus
1353 1972 1405 2031 est
1427 1969 1509 2032 Vem-

407 2081 498 2158 uiuu,
521 2072 608 2156 quod
634 2089 750 2134 nomen
776 2067 834 2130 fuit
861 2085 900 2129 ex
931 2066 1078 2130 omnibus
1103 2066 1276 2134 brevibus.
1297 2086 1337 2132 ao
1359 2068 1510 2152 posterior
1552 2136 1553 2143 q

308 2230 312 2235 -
408 2184 496 2243 aetas
511 2176 606 2239 etiam
617 2195 816 2258 superaeque
833 2174 864 2232 et
875 2192 1082 2252 superiacum
1094 2168 1191 2232 dixit.
1206 2166 1271 2234 iam
1281 2171 1405 2236 relicuo
1420 2170 1511 2235 simil·
1552 2222 1553 2235 ,

407 2280 515 2345 limum
538 2281 586 2340 est
609 2274 784 2351 delicium,
810 2268 896 2350 quod
918 2268 1047 2349 legebat
1068 2271 1101 2334 in
1124 2270 1242 2336 Casina
1264 2270 1369 2336 Plauti
1385 2294 1422 2349 11,
1434 2276 1511 2350 233

408 2383 508 2447 Varro
530 2376 570 2441 de
592 2377 703 2455 lingua
720 2371 835 2435 Latina
850 2393 895 2431 vrr
910 2391 940 2452 p.
954 2377 1017 2440 384
1040 2379 1071 2435 et
1092 2371 1189 2437 habet
1210 2379 1300 2438 vetus
1323 2371 1448 2452 codex,
1463 2373 1511 2438 alii

408 2483 512 2547 minus
533 2478 609 2543 boni
632 2476 826 2560 deliquium,
846 2473 967 2536 Paulus
989 2473 1144 2539 diaeonus
1159 2496 1188 2557 p.
1203 2481 1243 2543 56
1260 2475 1427 2562 deliquium
1448 2475 1510 2541 sire

350 2628 351 2633 κ
409 2585 598 2669 deliquium.
615 2577 664 2641 his
686 2575 782 2657 igitur
805 2594 843 2639 ea
866 2594 949 2656 quae
965 2575 1068 2640 eidem
1091 2577 1222 2658 regulae
1237 2575 1408 2642 subiacent
1429 2579 1512 2662 paria

409 2688 496 2762 sunt,
509 2687 664 2767 iuqeuuus
672 2692 857 2765 perpetuae,
871 2677 1027 2742 adsiduus
1043 2678 1191 2744 residuus
1203 2680 1338 2764 exiquua
1350 2683 1512 2768 ambiqam

404 2788 598 2874 praecipuus
606 2781 774 2845 succiduus
778 2804 875 2864 persp
881 2780 1138 2845 iorruseoutiuuae
1146 2785 1319 2866 corruptius.
1333 2780 1514 2866 discrepant

408 2889 543 2971 primunr
559 2883 675 2965 quibus
686 2881 771 2966 prod
785 2887 815 2943 et
831 2881 909 2943 indu
925 2886 1180 2963 praeponuntur,
1192 2882 1352 2970 prodique
1366 2885 1513 2970 audique,

408 2988 450 3053 ad
472 3007 606 3070 quorum
630 2982 809 3064 exemplum
830 2981 1022 3047 recentiores
1045 2982 1188 3047 t'oeerunt
1209 2984 1400 3068 dioprepes,
1416 3010 1513 3071 seqre-

406 3115 467 3175 qus
478 3140 486 3170 ‚
506 3107 576 3152 eum
599 3084 809 3165 antiquissimi
819 3084 1001 3168 prodiquas
1023 3087 1141 3148 lortius
1165 3083 1341 3170 dixissent,
1359 3088 1450 3169 quod
1471 3094 1514 3154 est

408 3189 495 3273 apud
513 3189 643 3252 Festum
660 3184 959 3269 sitiamusque
982 3186 1015 3249 in
1038 3185 1154 3267 quibus
1175 3186 1359 3271 incorrupta
1382 3195 1434 3255 est
1456 3210 1514 3255 me·

409 3289 463 3354 dia
484 3289 635 3372 simplicis
658 3287 784 3371 syllaba
811 3306 881 3349 eum
905 3287 1007 3350 voeali
1036 3307 1094 3352 sua
1116 3294 1242 3371 praeter
1264 3315 1298 3371 e,
1316 3294 1513 3377 cormedus,

408 3391 536 3457 invidus
543 3390 698 3475 providas
711 3389 838 3452 dividae
849 3387 910 3472 (sio
922 3394 1008 3452 recle
1021 3410 1041 3452 a
1052 3391 1220 3455 diruendo
1230 3390 1347 3456 Accius
1359 3393 1514 3478 apudNo·

409 3492 496 3555 nium
512 3512 541 3573 p.
554 3497 604 3566 95,
618 3490 673 3576 25)
690 3490 833 3576 perfidus
857 3493 965 3554 ulvius
975 3540 983 3571 ,
1000 3492 1148 3557 dr‘ssouus
1172 3495 1344 3578 interpolas
1366 3496 1515 3562 subdolae

409 3594 586 3660 commodus·
597 3594 747 3678 reprobus
756 3618 932 3677 praecoque
940 3594 1066 3678 reloqus
1078 3593 1152 3679 (hoo
1164 3595 1248 3659 enim
1259 3594 1372 3660 lexicis
1380 3595 1514 3662 inferen-

409 3695 484 3761 dum
508 3701 556 3760 est
578 3715 617 3761 ex
632 3696 774 3759 Varrone
797 3694 837 3757 de
857 3694 968 3773 lingua
983 3694 1098 3758 Latina
1113 3700 1286 3778 v1p.233‚
1302 3698 1393 3762 Hmc
1410 3698 1514 3763 dm.

366 3828 369 3835 ’
409 3813 460 3864 tur
468 3800 624 3883 eloquium
631 3797 836 3880 aereloquiiu
838 3797 938 3881 fam's
945 3796 1185 3862 Saliuieeeella
1196 3798 1252 3863 dei
1254 3801 1331 3883 quei
1336 3800 1513 3884 loquamur,

408 3900 463 3964 ubi
478 3899 679 3963 Florentinus
702 3925 739 3962 ue
761 3899 882 3981 reliqui
901 3901 932 3959 et
955 3900 1014 3981 qui
1025 3899 1246 3984 eloquuntur),
1261 3900 1436 3984 prosaque.
1449 3923 1514 3964 eoa·

406 4026 508 4086 qruue
519 4003 695 4086 superfluus
705 3998 912 4083 (quamquam
917 4000 1096 4084 prqluuius
1106 4018 1232 4081 quoque
1245 4005 1307 4076 est,
1320 4005 1356 4062 ut
1366 4000 1515 4064 adierim

409 4106 440 4167 et
461 4103 613 4183 olliuius,
636 4101 675 4167 de
704 4121 767 4183 quo
790 4098 856 4163 dixi
881 4101 914 4162 in
940 4119 1050 4164 museo
1072 4098 1226 4164 Rhenano
1253 4119 1359 4178 novo,
1383 4121 1414 4165 a.
1438 4106 1514 4171 1845

408 4206 527 4285 pull)
542 4227 549 4265 ε
566 4204 623 4267 sed
645 4205 817 4288 eonfroqas
839 4202 1053 4286 afrauqeudo
1076 4221 1181 4282 neque
1203 4201 1342 4264 autieum
1365 4208 1419 4267 est
1441 4222 1514 4285 nee,

406 4309 503 4386 puto,
520 4311 605 4367 reete
627 4303 744 4368 laetum
759 4352 765 4365 .
781 4322 846 4366 non
862 4303 1022 4385 pertinent
1036 4309 1142 4367 autem
1157 4304 1219 4368 hue
1235 4321 1318 4385 quae
1342 4303 1515 4388 sineprae

408 4404 566 4488 positione
581 4425 645 4470 non
660 4406 764 4470 minus
778 4405 902 4486 integra
921 4410 1071 4483 manent,
1087 4406 1241 4469 suleavue
1249 4429 1418 4492 peraeque
1433 4431 1514 4474 coar·

376 4587 378 4592 s
407 4509 475 4571 eius
487 4555 495 4586 ,
511 4531 724 4590 supervacuae
747 4510 894 4593 iuriquus
905 4531 917 4587 ;
936 4525 999 4585 quo
1023 4506 1173 4571 dividuus
1195 4505 1396 4571 referendum
1421 4515 1514 4593 pute,

408 4607 494 4689 quod
515 4608 659 4690 plerique
681 4608 725 4673 ita
748 4606 914 4684 dixerunt,
931 4605 1056 4673 seilicet
1077 4628 1098 4672 a
1119 4609 1214 4674 viduo
1230 4605 1376 4673 similiter
1401 4607 1515 4677 detine·
