3509 5442
865 569 880 632 Ι
1390 574 1429 639 17

317 742 486 826 lepitimis,
499 765 520 805 a
531 754 647 804 namra
659 764 779 803 areana
791 740 928 824 quodam
941 743 1062 804 ratione
1075 742 1237 826 dispositis
1248 768 1259 824 ,·
1270 757 1304 806 nt
1315 757 1429 808 tractat

317 844 488 906 Lucretius
495 893 503 924 ,
517 844 576 928 qai
582 840 659 904 dicit
667 844 818 906 rationem
830 843 910 905 tenc
918 867 956 905 eor
966 844 1101 908 aetherio
1112 845 1215 908 calore
1224 843 1426 910 descendere.

408 947 468 1009 11.
491 943 542 1006 Er
557 964 749 1006 snsnnerx
770 965 881 1005 vruxr
898 966 1133 1007 euxxrxnrxxs
1157 968 1252 1009 xnus
1269 967 1426 1011 πενθεῖ.

317 1046 413 1109 Hunc
442 1065 568 1110 versum
598 1045 708 1110 litteris
737 1045 916 1111 uncialibus
946 1046 1096 1128 seriptum
1126 1047 1284 1127 oblongus
1312 1048 1427 1131 habet,

318 1145 376 1212 sed
405 1152 603 1224 atramento;
624 1167 751 1212 versum
779 1167 911 1211 numero
932 1153 1016 1223 411,
1039 1150 1107 1212 Hoc
1130 1151 1207 1228 tibi,
1229 1149 1340 1216 litteris
1372 1171 1429 1215 un·

319 1247 455 1314 cialibus
488 1249 616 1314 rubrica
647 1249 761 1332 pictis.
781 1251 962 1335 peniroln'b’s
989 1255 1094 1313 autem
1123 1255 1246 1316 veteres
1274 1253 1429 1316 membra·

317 1369 400 1427 nae,
424 1350 580 1414 Antonius
608 1351 720 1428 Marii,
744 1352 918 1415 Brixiensis
946 1350 1063 1428 editio,
1085 1353 1259 1416 llarullus:
1278 1356 1429 1440 perstatis

318 1451 515 1516 Veronensis
549 1451 644 1516 editio
681 1461 712 1517 et
746 1454 893 1517 Veneta.
918 1453 979 1517 hoc
1013 1453 1205 1536 typographi
1235 1455 1429 1520 Veronensis

319 1559 486 1636 peecatum
510 1553 724 1618 Wakefieldus
754 1574 824 1618 eum
852 1555 885 1618 in
908 1555 1075 1620 Vossianis
1102 1576 1174 1620 esse
1197 1555 1293 1633 dicit,
1310 1556 1430 1620 Hauer-

320 1655 425 1738 eampi
453 1655 579 1720 silentio
602 1677 667 1720 non
695 1664 780 1721 recte
808 1656 969 1721 intellecto
992 1656 1110 1721 fallitur
1133 1665 1166 1720 ut
1188 1658 1282 1721 homo
1297 1682 1303 1721 :
1319 1658 1430 1722 Forbi-

319 1757 388 1838 geri
404 1757 629 1839 neglegentiae
648 1759 742 1823 venia
763 1758 870 1822 danda
893 1778 957 1822 non
980 1765 1048 1835 est,
1066 1759 1120 1838 qui
1143 1780 1214 1823 cum
1238 1781 1297 1824 sua
1319 1780 1358 1824 ex
1371 1748 1431 1824 ali-

320 1879 411 1923 orum
426 1859 516 1923 libris
533 1860 711 1938 exscribat,
728 1861 864 1925 debebat
880 1860 961 1924 seire
978 1859 1061 1924 unde
1077 1867 1185 1924 essent
1200 1859 1428 1925 exscribenda.

320 1960 377 2026 sed
400 1961 454 2026 ille
478 1962 538 2026 hoc
554 1963 670 2043 agebat
696 1969 730 2026 ut
746 1961 863 2027 Gifanii
888 1968 918 2026 et
932 1961 1105 2026 Abrahami
1122 1962 1262 2043 Preigeri
1284 1964 1429 2045 exemplo

319 2083 432 2129 versus
448 2063 672 2130 immodulatos
696 2065 768 2130 huic
791 2072 903 2148 po'e'tae
920 2064 1115 2144 adtingeret.
1132 2064 1236 2127 Ennio
1259 2065 1342 2129 enim
1360 2085 1430 2130 cum

320 2182 330 2227 r
352 2166 459 2230 littera
484 2173 612 2249 propter
642 2167 787 2232 duritiem
815 2168 848 2230 in
878 2167 940 2230 fine
969 2167 1196 2230 vocabulorum
1219 2166 1348 2249 ancipiti
1375 2186 1431 2230 na-

319 2276 392 2330 tura
408 2286 480 2331 esse
496 2267 656 2332 videretur
672 2268 815 2354 (dicebat
831 2268 914 2332 enim
929 2319 935 2343 ,
952 2274 1049 2350 puto,
1066 2268 1151 2352 qutod
1170 2270 1206 2332 id
1220 2270 1307 2332 hamt
1320 2268 1353 2331 in
1368 2268 1430 2333 tine
1502 2303 1513 2326 .

321 2389 401 2434 sono
417 2369 581 2434 lenissimo
592 2372 622 2448 ⁴l,
639 2371 713 2451 huie
730 2391 806 2435 sane
826 2369 915 2433 lieuit
930 2370 1009 2434 haee
1025 2369 1183 2446 scribere,
1201 2373 1307 2457 Infiro
1328 2373 1430 2447 cives,

323 2486 390 2535 nter
407 2486 485 2535 esset
496 2473 703 2558 induperator
716 2523 723 2552 ,
740 2497 881 2536 r'untores
890 2475 1024 2557 ponebat
1036 2487 1106 2536 arete
1119 2474 1251 2536 salntem
1266 2497 1275 2536 :
1291 2471 1347 2536 sed
1359 2477 1432 2554 post

320 2572 460 2636 Ennium
488 2593 591 2655 neque
614 2573 726 2639 Cicero
755 2573 788 2636 in
809 2593 921 2637 versus
946 2574 1082 2655 speeiem
1106 2572 1236 2649 incidit,
1260 2594 1331 2638 eum
1354 2573 1432 2638 dixit

321 2674 354 2738 in
377 2673 553 2738 Miloniana
567 2681 609 2744 54
633 2691 733 2739 tentent
751 2691 919 2760 appareret
942 2691 1007 2739 nter
1031 2690 1108 2740 esset
1123 2676 1311 2757 insidiator,
1328 2695 1431 2758 neque

321 2781 436 2858 poetae
457 2775 521 2841 illis
545 2777 660 2841 similia
682 2776 791 2839 autin
815 2792 825 2840 t
847 2777 953 2841 littera
974 2783 1029 2840 aut
1051 2776 1084 2838 in
1108 2776 1220 2841 ceteris
1243 2777 1313 2840 ausi
1337 2782 1430 2841 sunt.

321 2876 409 2960 apud
431 2878 569 2941 Nonium
593 2901 622 2962 p.
639 2884 722 2956 449,
741 2884 778 2945 31
798 2879 911 2943 Lucilii
934 2899 1046 2943 versus
1069 2877 1113 2939 ita
1136 2877 1271 2960 scriptus
1294 2883 1362 2954 est,
1380 2879 1432 2942 In-

322 2993 444 3043 tereant
454 3029 462 3059 ‚
480 2981 648 3061 labuntur,
666 2996 778 3045 entitur·
801 2980 906 3045 onertia
929 3004 1076 3059 eorsum
1092 2978 1145 3041 ubi
1167 2979 1332 3043 verissime
1348 2979 1433 3043 docti
1496 3002 1500 3009 ’

323 3095 395 3143 eard
407 3105 536 3144 ‘roesam
548 3084 652 3145 omreie
665 3106 805 3146 eorsum.
822 3084 855 3146 in
867 3080 990 3146 Horatii
1004 3079 1178 3145 carminum
1186 3103 1237 3156 111,
1252 3088 1271 3146 b
1284 3132 1290 3154 ,
1308 3086 1344 3148 ll
1357 3080 1433 3145 mihi

323 3180 448 3245 videtur
464 3181 666 3246 scribendum
683 3203 755 3248 esse
772 3187 811 3249 Si
823 3210 885 3248 noa
898 3188 1021 3269 peritas
1037 3184 1283 3263 irremeabile,
1300 3184 1433 3269 Captiva

320 3285 439 3367 prebes,
456 3301 521 3345 non
534 3289 674 3368 pers'ret:
691 3286 752 3349 hoe
767 3284 850 3348 enim
867 3283 1003 3349 vocativi
1019 3303 1121 3364 genus
1137 3283 1238 3366 poetis
1255 3302 1352 3365 saepe
1367 3302 1433 3348 res-

322 3381 500 3446 tituendum
528 3391 597 3461 est,
616 3392 649 3448 ut
676 3388 796 3450 Sereno
825 3386 995 3450 Sanonieo
1012 3391 1095 3459 533,
1113 3385 1263 3469 Quodque
1289 3388 1351 3448 tais
1373 3412 1433 3451 me-

324 3486 388 3548 lias
412 3487 513 3548 cerdis
530 3486 687 3568 dicemus,
705 3489 841 3568 Horati,
858 3488 913 3550 ubi
932 3487 1029 3567 vulgo
1052 3486 1168 3565 legitur
1184 3486 1334 3571 Quodque
1356 3493 1435 3553 satta

323 3587 456 3651 melias.
473 3588 639 3653 Lueretius
661 3610 736 3654 vero
753 3608 855 3671 neque
879 3589 966 3650 illam
983 3588 1076 3651 Ennii
1093 3607 1196 3669 neque
1219 3587 1314 3650 aliam
1338 3589 1434 3653 ullam

323 3689 357 3751 in
379 3688 526 3752 versibus
548 3690 706 3771 fingendis
729 3692 889 3757 licentiam
911 3688 1058 3771 admisit,
1077 3688 1153 3764 sed,
1170 3687 1256 3770 quod
1271 3696 1434 3771 poetarum

324 3791 447 3854 saeculi
470 3791 511 3854 ab
527 3793 604 3857 urbe
622 3792 749 3857 condita
765 3793 890 3876 septimi
906 3793 1066 3874 proprium
1091 3797 1158 3858 θεῖ,
1176 3789 1282 3852 omnia
1303 3790 1345 3853 ad
1368 3810 1436 3855 eer-

323 3898 375 3955 tae
407 3893 538 3972 regulae
560 3894 672 3974 exegit
700 3894 962 3969 severitatem,a
993 3912 1056 3975 qua
1083 3892 1202 3974 primus
1229 3891 1339 3969 Maro,
1365 3912 1436 3965 eum

325 3990 468 4058 studeret
496 3994 674 4075 elegantiae
703 4003 733 4060 et
761 3995 986 4070 concinnitati,
1018 3993 1146 4077 paulum
1176 3991 1315 4056 remisit.
1341 4013 1435 4076 quam

325 4095 367 4159 ob
389 4113 458 4159 rem
481 4115 602 4160 summa
627 4119 727 4181 nuper
750 4098 823 4161 huic
839 4103 951 4179 po‘e’tae
974 4094 1177 4160 aTheodoro
1193 4095 1352 4175 Bergkio,
1368 4096 1436 4162 viro

325 4193 532 4276 doctissimo,
549 4198 635 4263 facta
649 4200 765 4263 iniuria
781 4205 848 4276 est,
866 4220 937 4263 eum
961 4219 1032 4263 eum
1049 4204 1210 4278 tamquam
1226 4195 1363 4259 Ennium
1379 4197 1436 4261 ali·

325 4317 420 4380 quem
433 4301 559 4385 in‘qeaio
574 4306 767 4382 martinam,
785 4316 851 4366 arte
874 4301 982 4364 rudem
1000 4298 1099 4362 fuisse
1118 4297 1215 4362 dixit.
1233 4299 1294 4361 hcc
1316 4298 1436 4362 116Ηο-

326 4399 426 4463 ratius
448 4399 574 4481 quidem
596 4411 651 4467 aut
666 4401 818 4478 Ovidius,
836 4401 979 4483 quamvis
1001 4401 1088 4464 illam
1109 4399 1235 4465 dulcem
1256 4406 1287 4464 et
1306 4419 1435 4481 gravem

327 4521 400 4565 eum
424 4508 538 4566 ornatu
567 4504 659 4585 quasi
683 4505 821 4569 oratorio
851 4503 1083 4586 simplicitatem
1106 4506 1373 4584 aspernarentur,
1389 4499 1436 4563 di-

328 4622 400 4668 cere
427 4623 579 4685 umquam
612 4606 683 4670 ausi
716 4612 809 4671 sunt:
832 4605 1046 4682 Quintilianus
1077 4622 1202 4688 quoque
1236 4602 1435 4680 Lucretium,

327 4705 474 4786 quamvis
498 4710 661 4796 difficilem
685 4707 746 4793 (ad
768 4707 1038 4787 intellegendum,
1055 4712 1151 4789 puto,
1167 4723 1279 4787 parum
1309 4701 1437 4768 attentis

1192 4814 1214 4873 2
