<?xml version="1.0" encoding="UTF-8"?>
<!DOCTYPE html PUBLIC "-//W3C//DTD XHTML 1.0 Transitional//EN"
    "http://www.w3.org/TR/xhtml1/DTD/xhtml1-transitional.dtd">
<html xmlns="http://www.w3.org/1999/xhtml" xml:lang="en" lang="en">
 <head>
  <title>
</title>
<meta http-equiv="Content-Type" content="text/html;charset=utf-8" />
  <meta name='ocr-system' content='tesseract 3.04.00' />
  <meta name='ocr-capabilities' content='ocr_page ocr_carea ocr_par ocr_line ocrx_word'/>
</head>
<body>
  <div class='ocr_page' id='page_1' title='image "./carolilachmanni00lachgoog_0117.png"; bbox 0 0 3509 5442; ppageno 0'>
   <div class='ocr_carea' id='block_1_1' title="bbox 736 511 1418 622">
    <p class='ocr_par' dir='ltr' id='par_1_1' title="bbox 736 511 1418 622">
     <span class='ocr_line' id='line_1_1' title="bbox 736 511 1418 622; baseline 0 0"><span class='ocrx_word' id='word_1_1' title='bbox 736 511 818 622; x_wconf 85' lang='lat' dir='ltr'>u</span> <span class='ocrx_word' id='word_1_2' title='bbox 1214 545 1418 622; x_wconf 82' lang='lat'>·1·11‘</span> 
     </span>
    </p>
   </div>
   <div class='ocr_carea' id='block_1_2' title="bbox 239 728 1433 4774">
    <p class='ocr_par' dir='ltr' id='par_1_2' title="bbox 239 728 1357 1915">
     <span class='ocr_line' id='line_1_2' title="bbox 243 728 1355 813; baseline -0.003 -19"><span class='ocrx_word' id='word_1_3' title='bbox 243 732 278 794; x_wconf 93' lang='lat' dir='ltr'>in</span> <span class='ocrx_word' id='word_1_4' title='bbox 301 751 338 796; x_wconf 90' lang='lat' dir='ltr'>se</span> <span class='ocrx_word' id='word_1_5' title='bbox 355 731 516 809; x_wconf 90' lang='lat' dir='ltr'>continet,</span> <span class='ocrx_word' id='word_1_6' title='bbox 533 730 591 795; x_wconf 88' lang='lat' dir='ltr'>sed</span> <span class='ocrx_word' id='word_1_7' title='bbox 613 728 810 813; x_wconf 86' lang='lat' dir='ltr'>esuperiorc</span> <span class='ocrx_word' id='word_1_8' title='bbox 831 748 925 793; x_wconf 86' lang='lat' dir='ltr'>versu</span> <span class='ocrx_word' id='word_1_9' title='bbox 941 733 1003 797; x_wconf 80' lang='lat'>628</span> <span class='ocrx_word' id='word_1_10' title='bbox 1025 729 1058 792; x_wconf 94' lang='lat' dir='ltr'>in</span> <span class='ocrx_word' id='word_1_11' title='bbox 1080 728 1166 792; x_wconf 91' lang='lat' dir='ltr'>hunc</span> <span class='ocrx_word' id='word_1_12' title='bbox 1188 747 1355 810; x_wconf 84' lang='lat' dir='ltr'>perperam</span> 
     </span>
     <span class='ocr_line' id='line_1_3' title="bbox 244 829 1357 911; baseline -0.004 -15"><span class='ocrx_word' id='word_1_13' title='bbox 244 834 384 897; x_wconf 89' lang='lat' dir='ltr'>relatum</span> <span class='ocrx_word' id='word_1_14' title='bbox 407 838 474 898; x_wconf 91' lang='lat' dir='ltr'>est.</span> <span class='ocrx_word' id='word_1_15' title='bbox 495 853 567 896; x_wconf 91' lang='lat' dir='ltr'>nam</span> <span class='ocrx_word' id='word_1_16' title='bbox 591 831 690 896; x_wconf 93' lang='lat' dir='ltr'>oratio</span> <span class='ocrx_word' id='word_1_17' title='bbox 713 830 873 895; x_wconf 88' lang='lat' dir='ltr'>vinculum</span> <span class='ocrx_word' id='word_1_18' title='bbox 897 830 1078 907; x_wconf 79' lang='lat' dir='ltr'>desiderat,</span> <span class='ocrx_word' id='word_1_19' title='bbox 1099 850 1162 910; x_wconf 89' lang='lat' dir='ltr'>quo</span> <span class='ocrx_word' id='word_1_20' title='bbox 1186 829 1357 911; x_wconf 83' lang='lat' dir='ltr'>alligentur</span> 
     </span>
     <span class='ocr_line' id='line_1_4' title="bbox 244 933 1355 1017; baseline -0.003 -19"><span class='ocrx_word' id='word_1_21' title='bbox 244 936 301 998; x_wconf 92' lang='lat' dir='ltr'>illa</span> <span class='ocrx_word' id='word_1_22' title='bbox 325 955 410 1017; x_wconf 91' lang='lat' dir='ltr'>quae</span> <span class='ocrx_word' id='word_1_23' title='bbox 436 934 486 998; x_wconf 93' lang='lat' dir='ltr'>his</span> <span class='ocrx_word' id='word_1_24' title='bbox 509 933 650 998; x_wconf 90' lang='lat' dir='ltr'>subiecta</span> <span class='ocrx_word' id='word_1_25' title='bbox 672 937 770 1010; x_wconf 89' lang='lat' dir='ltr'>sunt,</span> <span class='ocrx_word' id='word_1_26' title='bbox 794 934 942 997; x_wconf 78' lang='lat' dir='ltr'>Dictaeos</span> <span class='ocrx_word' id='word_1_27' title='bbox 963 933 1106 1015; x_wconf 73' lang='lat' dir='ltr'>referunt</span> <span class='ocrx_word' id='word_1_28' title='bbox 1129 933 1281 997; x_wconf 78' lang='lat' dir='ltr'>Careias:</span> <span class='ocrx_word' id='word_1_29' title='bbox 1301 951 1355 1008; x_wconf 90' lang='lat' dir='ltr'>pe-</span> 
     </span>
     <span class='ocr_line' id='line_1_5' title="bbox 246 1032 1355 1119; baseline -0.004 -19"><span class='ocrx_word' id='word_1_30' title='bbox 246 1057 310 1117; x_wconf 89' lang='lat' dir='ltr'>que</span> <span class='ocrx_word' id='word_1_31' title='bbox 341 1036 417 1102; x_wconf 87' lang='lat' dir='ltr'>ferri</span> <span class='ocrx_word' id='word_1_32' title='bbox 442 1041 547 1119; x_wconf 90' lang='lat' dir='ltr'>potest</span> <span class='ocrx_word' id='word_1_33' title='bbox 574 1035 661 1117; x_wconf 87' lang='lat' dir='ltr'>quod</span> <span class='ocrx_word' id='word_1_34' title='bbox 688 1033 859 1098; x_wconf 82' lang='lat' dir='ltr'>Creechius</span> <span class='ocrx_word' id='word_1_35' title='bbox 885 1033 997 1110; x_wconf 84' lang='lat' dir='ltr'>dedit,</span> <span class='ocrx_word' id='word_1_36' title='bbox 1017 1033 1133 1114; x_wconf 87' lang='lat' dir='ltr'>isque,</span> <span class='ocrx_word' id='word_1_37' title='bbox 1154 1032 1216 1096; x_wconf 91' lang='lat' dir='ltr'>nisi</span> <span class='ocrx_word' id='word_1_38' title='bbox 1242 1032 1355 1110; x_wconf 85' lang='lat' dir='ltr'>fallor,</span> 
     </span>
     <span class='ocr_line' id='line_1_6' title="bbox 246 1135 1355 1222; baseline -0.003 -20"><span class='ocrx_word' id='word_1_39' title='bbox 246 1140 396 1222; x_wconf 87' lang='lat' dir='ltr'>primus,</span> <span class='ocrx_word' id='word_1_40' title='bbox 416 1153 444 1204; x_wconf 78' lang='lat' dir='ltr'>et</span> <span class='ocrx_word' id='word_1_41' title='bbox 470 1137 504 1201; x_wconf 94' lang='lat' dir='ltr'>in</span> <span class='ocrx_word' id='word_1_42' title='bbox 529 1137 591 1202; x_wconf 85' lang='lat' dir='ltr'>fine</span> <span class='ocrx_word' id='word_1_43' title='bbox 613 1156 725 1201; x_wconf 89' lang='lat' dir='ltr'>versus</span> <span class='ocrx_word' id='word_1_44' title='bbox 745 1135 876 1200; x_wconf 88' lang='lat' dir='ltr'>alterius</span> <span class='ocrx_word' id='word_1_45' title='bbox 904 1135 1041 1218; x_wconf 90' lang='lat' dir='ltr'>positum</span> <span class='ocrx_word' id='word_1_46' title='bbox 1069 1143 1141 1199; x_wconf 89' lang='lat' dir='ltr'>ante</span> <span class='ocrx_word' id='word_1_47' title='bbox 1167 1136 1355 1220; x_wconf 78' lang='lat' dir='ltr'>Terrifieae.</span> 
     </span>
     <span class='ocr_line' id='line_1_7' title="bbox 246 1237 1356 1323; baseline -0.003 -20"><span class='ocrx_word' id='word_1_48' title='bbox 246 1241 357 1323; x_wconf 89' lang='lat' dir='ltr'>itaque</span> <span class='ocrx_word' id='word_1_49' title='bbox 380 1239 568 1306; x_wconf 88' lang='lat' dir='ltr'>sententiam</span> <span class='ocrx_word' id='word_1_50' title='bbox 590 1237 788 1321; x_wconf 84' lang='lat' dir='ltr'>explebimus</span> <span class='ocrx_word' id='word_1_51' title='bbox 813 1237 883 1315; x_wconf 87' lang='lat' dir='ltr'>ita,</span> <span class='ocrx_word' id='word_1_52' title='bbox 905 1241 987 1303; x_wconf 72' lang='lat' dir='ltr'>ancer</span> <span class='ocrx_word' id='word_1_53' title='bbox 1014 1262 1046 1302; x_wconf 79' lang='lat' dir='ltr'>se</span> <span class='ocrx_word' id='word_1_54' title='bbox 1058 1238 1149 1322; x_wconf 81' lang='lat' dir='ltr'>forre</span> <span class='ocrx_word' id='word_1_55' title='bbox 1171 1259 1270 1308; x_wconf 86' lang='lat' dir='ltr'>onon</span> <span class='ocrx_word' id='word_1_56' title='bbox 1292 1261 1356 1301; x_wconf 75' lang='lat' dir='ltr'>an·</span> 
     </span>
     <span class='ocr_line' id='line_1_8' title="bbox 247 1340 1357 1426; baseline -0.002 -21"><span class='ocrx_word' id='word_1_57' title='bbox 247 1365 305 1405; x_wconf 87' lang='lat' dir='ltr'>urs</span> <span class='ocrx_word' id='word_1_58' title='bbox 322 1342 457 1407; x_wconf 80' lang='lat' dir='ltr'>Ludunt</span> <span class='ocrx_word' id='word_1_59' title='bbox 469 1385 567 1423; x_wconf 86' lang='lat'>-—-,</span> <span class='ocrx_word' id='word_1_60' title='bbox 583 1343 730 1406; x_wconf 81' lang='lat' dir='ltr'>Dictaeos</span> <span class='ocrx_word' id='word_1_61' title='bbox 748 1340 892 1423; x_wconf 55' lang='lat' dir='ltr'>repserunt</span> <span class='ocrx_word' id='word_1_62' title='bbox 907 1340 1057 1403; x_wconf 75' lang='lat' dir='ltr'>Curetas.</span> <span class='ocrx_word' id='word_1_63' title='bbox 1073 1341 1243 1426; x_wconf 78' lang='lat' dir='ltr'>namforte</span> <span class='ocrx_word' id='word_1_64' title='bbox 1257 1347 1357 1423; x_wconf 87' lang='lat' dir='ltr'>temp·</span> 
     </span>
     <span class='ocr_line' id='line_1_9' title="bbox 247 1439 1357 1524; baseline -0.001 -16"><span class='ocrx_word' id='word_1_65' title='bbox 247 1444 380 1508; x_wconf 90' lang='lat' dir='ltr'>tandum</span> <span class='ocrx_word' id='word_1_66' title='bbox 403 1464 467 1507; x_wconf 91' lang='lat' dir='ltr'>non</span> <span class='ocrx_word' id='word_1_67' title='bbox 490 1447 537 1506; x_wconf 90' lang='lat' dir='ltr'>cst</span> <span class='ocrx_word' id='word_1_68' title='bbox 548 1492 557 1524; x_wconf 92' lang='lat'>,</span> <span class='ocrx_word' id='word_1_69' title='bbox 573 1461 635 1524; x_wconf 87' lang='lat' dir='ltr'>quc</span> <span class='ocrx_word' id='word_1_70' title='bbox 658 1447 753 1523; x_wconf 80' lang='lat' dir='ltr'>poeta</span> <span class='ocrx_word' id='word_1_71' title='bbox 768 1439 926 1520; x_wconf 89' lang='lat' dir='ltr'>significat</span> <span class='ocrx_word' id='word_1_72' title='bbox 948 1461 1004 1506; x_wconf 91' lang='lat' dir='ltr'>eos</span> <span class='ocrx_word' id='word_1_73' title='bbox 1026 1461 1091 1505; x_wconf 91' lang='lat' dir='ltr'>non</span> <span class='ocrx_word' id='word_1_74' title='bbox 1112 1461 1237 1524; x_wconf 82' lang='lat' dir='ltr'>semper</span> <span class='ocrx_word' id='word_1_75' title='bbox 1260 1442 1357 1507; x_wconf 86' lang='lat' dir='ltr'>armis</span> 
     </span>
     <span class='ocr_line' id='line_1_10' title="bbox 248 1540 1357 1630; baseline 0.003 -23"><span class='ocrx_word' id='word_1_76' title='bbox 248 1545 382 1621; x_wconf 92' lang='lat' dir='ltr'>ludere,</span> <span class='ocrx_word' id='word_1_77' title='bbox 400 1544 459 1609; x_wconf 90' lang='lat' dir='ltr'>sed</span> <span class='ocrx_word' id='word_1_78' title='bbox 472 1543 651 1620; x_wconf 87' lang='lat' dir='ltr'>interdum,</span> <span class='ocrx_word' id='word_1_79' title='bbox 668 1542 694 1606; x_wconf 88' lang='lat' dir='ltr'>si</span> <span class='ocrx_word' id='word_1_80' title='bbox 717 1540 845 1623; x_wconf 89' lang='lat' dir='ltr'>quando</span> <span class='ocrx_word' id='word_1_81' title='bbox 865 1540 1010 1606; x_wconf 88' lang='lat' dir='ltr'>libuerit.</span> <span class='ocrx_word' id='word_1_82' title='bbox 1027 1549 1186 1626; x_wconf 88' lang='lat' dir='ltr'>postremo</span> <span class='ocrx_word' id='word_1_83' title='bbox 1202 1548 1357 1630; x_wconf 67' lang='lat' dir='ltr'>sanquine</span> 
     </span>
     <span class='ocr_line' id='line_1_11' title="bbox 239 1641 1356 1730; baseline -0.002 -19"><span class='ocrx_word' id='word_1_84' title='bbox 239 1648 313 1730; x_wconf 83' lang='lat' dir='ltr'>fleti</span> <span class='ocrx_word' id='word_1_85' title='bbox 333 1645 532 1711; x_wconf 86' lang='lat' dir='ltr'>Wakefieldo</span> <span class='ocrx_word' id='word_1_86' title='bbox 558 1645 707 1728; x_wconf 81' lang='lat' dir='ltr'>placent,</span> <span class='ocrx_word' id='word_1_87' title='bbox 729 1642 809 1707; x_wconf 90' lang='lat' dir='ltr'>casti</span> <span class='ocrx_word' id='word_1_88' title='bbox 835 1641 943 1706; x_wconf 88' lang='lat' dir='ltr'>iudicii</span> <span class='ocrx_word' id='word_1_89' title='bbox 964 1645 1145 1709; x_wconf 90' lang='lat' dir='ltr'>hominibus</span> <span class='ocrx_word' id='word_1_90' title='bbox 1168 1644 1356 1728; x_wconf 79' lang='lat' dir='ltr'>displicent.</span> 
     </span>
     <span class='ocr_line' id='line_1_12' title="bbox 248 1746 1357 1831; baseline -0.002 -19"><span class='ocrx_word' id='word_1_91' title='bbox 248 1768 356 1830; x_wconf 88' lang='lat' dir='ltr'>neque</span> <span class='ocrx_word' id='word_1_92' title='bbox 386 1748 463 1813; x_wconf 90' lang='lat' dir='ltr'>satis</span> <span class='ocrx_word' id='word_1_93' title='bbox 487 1747 615 1831; x_wconf 86' lang='lat' dir='ltr'>proprie</span> <span class='ocrx_word' id='word_1_94' title='bbox 636 1746 790 1810; x_wconf 88' lang='lat' dir='ltr'>Marullus</span> <span class='ocrx_word' id='word_1_95' title='bbox 812 1747 967 1831; x_wconf 60' lang='lat' dir='ltr'>sanguine</span> <span class='ocrx_word' id='word_1_96' title='bbox 990 1748 1091 1811; x_wconf 82' lang='lat' dir='ltr'>loeti:</span> <span class='ocrx_word' id='word_1_97' title='bbox 1112 1747 1273 1811; x_wconf 88' lang='lat' dir='ltr'>Bentleius</span> <span class='ocrx_word' id='word_1_98' title='bbox 1302 1768 1357 1830; x_wconf 93' lang='lat' dir='ltr'>op·</span> 
     </span>
     <span class='ocr_line' id='line_1_13' title="bbox 248 1851 830 1915; baseline -0.003 -2"><span class='ocrx_word' id='word_1_99' title='bbox 248 1851 331 1914; x_wconf 74' lang='lat' dir='ltr'>time·</span> <span class='ocrx_word' id='word_1_100' title='bbox 349 1852 492 1915; x_wconf 77' lang='lat' dir='ltr'>eauitont</span> <span class='ocrx_word' id='word_1_101' title='bbox 514 1869 830 1911; x_wconf 72' lang='lat' dir='ltr'>suncurucnnnrr.</span> 
     </span>
    </p>

    <p class='ocr_par' dir='ltr' id='par_1_3' title="bbox 249 1952 1433 3666">
     <span class='ocr_line' id='line_1_14' title="bbox 336 1952 1356 2021; baseline -0.007 -2"><span class='ocrx_word' id='word_1_102' title='bbox 336 1956 410 2019; x_wconf 79' lang='lat'>632.</span> <span class='ocrx_word' id='word_1_103' title='bbox 456 1952 686 2013; x_wconf 75' lang='lat' dir='ltr'>Tnnnrrrcns</span> <span class='ocrx_word' id='word_1_104' title='bbox 730 1973 892 2014; x_wconf 73' lang='lat' dir='ltr'>curruum</span> <span class='ocrx_word' id='word_1_105' title='bbox 938 1971 1171 2021; x_wconf 80' lang='lat' dir='ltr'>Quarrnurns</span> <span class='ocrx_word' id='word_1_106' title='bbox 1215 1971 1356 2012; x_wconf 77' lang='lat' dir='ltr'>unauna</span> 
     </span>
     <span class='ocr_line' id='line_1_15' title="bbox 249 2052 1433 2133; baseline -0.001 -16"><span class='ocrx_word' id='word_1_107' title='bbox 249 2052 431 2118; x_wconf 78' lang='lat' dir='ltr'>cnrsrns‘.</span> <span class='ocrx_word' id='word_1_108' title='bbox 452 2054 489 2115; x_wconf 95' lang='lat' dir='ltr'>ln</span> <span class='ocrx_word' id='word_1_109' title='bbox 509 2052 590 2116; x_wconf 90' lang='lat' dir='ltr'>libro</span> <span class='ocrx_word' id='word_1_110' title='bbox 614 2075 644 2129; x_wconf 92' lang='lat' dir='ltr'>v,</span> <span class='ocrx_word' id='word_1_111' title='bbox 665 2057 766 2131; x_wconf 84' lang='lat'>1315,</span> <span class='ocrx_word' id='word_1_112' title='bbox 788 2053 843 2117; x_wconf 89' lang='lat' dir='ltr'>ubi</span> <span class='ocrx_word' id='word_1_113' title='bbox 872 2053 922 2116; x_wconf 85' lang='lat' dir='ltr'>lric</span> <span class='ocrx_word' id='word_1_114' title='bbox 948 2072 1060 2117; x_wconf 85' lang='lat' dir='ltr'>versus</span> <span class='ocrx_word' id='word_1_115' title='bbox 1086 2052 1199 2116; x_wconf 90' lang='lat' dir='ltr'>iterum</span> <span class='ocrx_word' id='word_1_116' title='bbox 1221 2052 1357 2133; x_wconf 88' lang='lat' dir='ltr'>legitur,</span> <span class='ocrx_word' id='word_1_117' title='bbox 1425 2068 1433 2078; x_wconf 78' lang='grc'><strong>“</strong></span> 
     </span>
     <span class='ocr_line' id='line_1_16' title="bbox 250 2153 1357 2242; baseline -0.003 -21"><span class='ocrx_word' id='word_1_118' title='bbox 250 2159 425 2242; x_wconf 73' lang='lat' dir='ltr'>quatientes</span> <span class='ocrx_word' id='word_1_119' title='bbox 447 2153 606 2239; x_wconf 82' lang='lat' dir='ltr'>ondr&#39;qne.</span> <span class='ocrx_word' id='word_1_120' title='bbox 629 2154 680 2218; x_wconf 89' lang='lat' dir='ltr'>hio</span> <span class='ocrx_word' id='word_1_121' title='bbox 702 2155 895 2232; x_wconf 91' lang='lat' dir='ltr'>Lambinus,</span> <span class='ocrx_word' id='word_1_122' title='bbox 912 2154 972 2218; x_wconf 91' lang='lat' dir='ltr'>nisi</span> <span class='ocrx_word' id='word_1_123' title='bbox 994 2154 1202 2235; x_wconf 82' lang='lat' dir='ltr'>neglegenter</span> <span class='ocrx_word' id='word_1_124' title='bbox 1227 2161 1357 2236; x_wconf 89' lang='lat' dir='ltr'>ageret,</span> 
     </span>
     <span class='ocr_line' id='line_1_17' title="bbox 249 2256 1359 2340; baseline -0.001 -18"><span class='ocrx_word' id='word_1_125' title='bbox 249 2258 360 2323; x_wconf 86' lang='lat' dir='ltr'>videre</span> <span class='ocrx_word' id='word_1_126' title='bbox 382 2262 506 2340; x_wconf 90' lang='lat' dir='ltr'>poterat</span> <span class='ocrx_word' id='word_1_127' title='bbox 526 2278 666 2318; x_wconf 81' lang='lat' dir='ltr'>nnuma</span> <span class='ocrx_word' id='word_1_128' title='bbox 694 2256 894 2321; x_wconf 92' lang='lat' dir='ltr'>scribendum</span> <span class='ocrx_word' id='word_1_129' title='bbox 918 2275 1010 2321; x_wconf 91' lang='lat' dir='ltr'>esse:</span> <span class='ocrx_word' id='word_1_130' title='bbox 1033 2275 1136 2336; x_wconf 89' lang='lat' dir='ltr'>neque</span> <span class='ocrx_word' id='word_1_131' title='bbox 1163 2257 1245 2320; x_wconf 92' lang='lat' dir='ltr'>enim</span> <span class='ocrx_word' id='word_1_132' title='bbox 1268 2265 1359 2339; x_wconf 76' lang='lat' dir='ltr'>puta</span> 
     </span>
     <span class='ocr_line' id='line_1_18' title="bbox 249 2358 1357 2444; baseline 0.001 -22"><span class='ocrx_word' id='word_1_133' title='bbox 249 2360 350 2424; x_wconf 83' lang='lat' dir='ltr'>verim</span> <span class='ocrx_word' id='word_1_134' title='bbox 382 2378 455 2422; x_wconf 80' lang='lat' dir='ltr'>eum</span> <span class='ocrx_word' id='word_1_135' title='bbox 477 2379 547 2423; x_wconf 85' lang='lat' dir='ltr'>cum</span> <span class='ocrx_word' id='word_1_136' title='bbox 568 2359 716 2422; x_wconf 84' lang='lat' dir='ltr'>Turncbo</span> <span class='ocrx_word' id='word_1_137' title='bbox 739 2358 899 2423; x_wconf 79' lang='lat' dir='ltr'>adversar.</span> <span class='ocrx_word' id='word_1_138' title='bbox 924 2381 952 2435; x_wconf 89' lang='lat' dir='ltr'>v,</span> <span class='ocrx_word' id='word_1_139' title='bbox 965 2361 1004 2424; x_wconf 63' lang='grc'>23</span> <span class='ocrx_word' id='word_1_140' title='bbox 1021 2382 1134 2422; x_wconf 71' lang='lat' dir='ltr'>acumen</span> <span class='ocrx_word' id='word_1_141' title='bbox 1157 2361 1294 2444; x_wconf 80' lang='lat' dir='ltr'>capitum</span> <span class='ocrx_word' id='word_1_142' title='bbox 1318 2358 1357 2423; x_wconf 82' lang='lat' dir='ltr'>dc</span> 
     </span>
     <span class='ocr_line' id='line_1_19' title="bbox 249 2458 1358 2543; baseline -0.002 -18"><span class='ocrx_word' id='word_1_143' title='bbox 249 2469 329 2525; x_wconf 91' lang='lat' dir='ltr'>nutu</span> <span class='ocrx_word' id='word_1_144' title='bbox 353 2460 537 2543; x_wconf 89' lang='lat' dir='ltr'>accepisse;</span> <span class='ocrx_word' id='word_1_145' title='bbox 558 2458 644 2541; x_wconf 87' lang='lat' dir='ltr'>quod</span> <span class='ocrx_word' id='word_1_146' title='bbox 667 2459 813 2524; x_wconf 79' lang='lat' dir='ltr'>Gitanius</span> <span class='ocrx_word' id='word_1_147' title='bbox 841 2459 1016 2523; x_wconf 83' lang='lat' dir='ltr'>Crecchius</span> <span class='ocrx_word' id='word_1_148' title='bbox 1038 2460 1253 2527; x_wconf 88' lang='lat' dir='ltr'>Wakctieldus</span> <span class='ocrx_word' id='word_1_149' title='bbox 1281 2462 1358 2525; x_wconf 88' lang='lat' dir='ltr'>For-</span> 
     </span>
     <span class='ocr_line' id='line_1_20' title="bbox 249 2560 1358 2645; baseline -0.002 -17"><span class='ocrx_word' id='word_1_150' title='bbox 249 2564 345 2645; x_wconf 88' lang='lat' dir='ltr'>biger</span> <span class='ocrx_word' id='word_1_151' title='bbox 372 2561 466 2644; x_wconf 87' lang='lat' dir='ltr'>quasi</span> <span class='ocrx_word' id='word_1_152' title='bbox 488 2560 726 2626; x_wconf 87' lang='lat' dir='ltr'>usitatissimum</span> <span class='ocrx_word' id='word_1_153' title='bbox 754 2561 940 2624; x_wconf 88' lang='lat' dir='ltr'>admittunt.</span> <span class='ocrx_word' id='word_1_154' title='bbox 963 2587 1074 2626; x_wconf 84' lang='lat' dir='ltr'>numen</span> <span class='ocrx_word' id='word_1_155' title='bbox 1100 2568 1149 2626; x_wconf 92' lang='lat' dir='ltr'>est</span> <span class='ocrx_word' id='word_1_156' title='bbox 1170 2561 1358 2645; x_wconf 90' lang='lat' dir='ltr'>imperium;</span> 
     </span>
     <span class='ocr_line' id='line_1_21' title="bbox 252 2662 1357 2747; baseline 0.002 -18"><span class='ocrx_word' id='word_1_157' title='bbox 252 2685 352 2747; x_wconf 86' lang='lat' dir='ltr'>quare</span> <span class='ocrx_word' id='word_1_158' title='bbox 379 2663 474 2728; x_wconf 85' lang='lat' dir='ltr'>etiam</span> <span class='ocrx_word' id='word_1_159' title='bbox 496 2667 606 2728; x_wconf 79' lang='lat' dir='ltr'>inentis</span> <span class='ocrx_word' id='word_1_160' title='bbox 634 2688 748 2728; x_wconf 82' lang='lat' dir='ltr'>namen</span> <span class='ocrx_word' id='word_1_161' title='bbox 771 2663 936 2728; x_wconf 83' lang='lat' dir='ltr'>Lucretius</span> <span class='ocrx_word' id='word_1_162' title='bbox 959 2662 1038 2727; x_wconf 81' lang='lat' dir='ltr'>dixit</span> <span class='ocrx_word' id='word_1_163' title='bbox 1065 2664 1097 2727; x_wconf 89' lang='lat' dir='ltr'>in</span> <span class='ocrx_word' id='word_1_164' title='bbox 1120 2664 1199 2727; x_wconf 86' lang='lat' dir='ltr'>libro</span> <span class='ocrx_word' id='word_1_165' title='bbox 1216 2669 1357 2741; x_wconf 83' lang='lat'>111,144‚</span> 
     </span>
     <span class='ocr_line' id='line_1_22' title="bbox 251 2764 1357 2849; baseline -0.001 -19"><span class='ocrx_word' id='word_1_166' title='bbox 251 2788 309 2849; x_wconf 93' lang='lat' dir='ltr'>pro</span> <span class='ocrx_word' id='word_1_167' title='bbox 333 2771 412 2829; x_wconf 90' lang='lat' dir='ltr'>nutu</span> <span class='ocrx_word' id='word_1_168' title='bbox 434 2771 561 2829; x_wconf 91' lang='lat' dir='ltr'>motuve</span> <span class='ocrx_word' id='word_1_169' title='bbox 588 2770 643 2828; x_wconf 90' lang='lat' dir='ltr'>aut</span> <span class='ocrx_word' id='word_1_170' title='bbox 664 2785 721 2847; x_wconf 89' lang='lat' dir='ltr'>pro</span> <span class='ocrx_word' id='word_1_171' title='bbox 744 2764 836 2830; x_wconf 88' lang='lat' dir='ltr'>icone</span> <span class='ocrx_word' id='word_1_172' title='bbox 865 2765 915 2829; x_wconf 93' lang='lat' dir='ltr'>dei</span> <span class='ocrx_word' id='word_1_173' title='bbox 938 2766 1044 2828; x_wconf 89' lang='lat' dir='ltr'>nullus</span> <span class='ocrx_word' id='word_1_174' title='bbox 1070 2770 1210 2829; x_wconf 88' lang='lat' dir='ltr'>veterum</span> <span class='ocrx_word' id='word_1_175' title='bbox 1232 2767 1357 2848; x_wconf 90' lang='lat' dir='ltr'>posuit.</span> 
     </span>
     <span class='ocr_line' id='line_1_23' title="bbox 252 2865 1358 2949; baseline -0.002 -16"><span class='ocrx_word' id='word_1_176' title='bbox 252 2869 309 2933; x_wconf 89' lang='lat' dir='ltr'>sed</span> <span class='ocrx_word' id='word_1_177' title='bbox 332 2865 531 2949; x_wconf 80' lang='lat' dir='ltr'>grammatici</span> <span class='ocrx_word' id='word_1_178' title='bbox 553 2867 730 2930; x_wconf 91' lang='lat' dir='ltr'>aVarrcne</span> <span class='ocrx_word' id='word_1_179' title='bbox 752 2888 845 2931; x_wconf 88' lang='lat' dir='ltr'>usum</span> <span class='ocrx_word' id='word_1_180' title='bbox 860 2867 1009 2932; x_wconf 85' lang='lat' dir='ltr'>vocabuli</span> <span class='ocrx_word' id='word_1_181' title='bbox 1031 2866 1153 2931; x_wconf 89' lang='lat' dir='ltr'>discere</span> <span class='ocrx_word' id='word_1_182' title='bbox 1170 2868 1358 2945; x_wconf 87' lang='lat' dir='ltr'>noluerunt,</span> 
     </span>
     <span class='ocr_line' id='line_1_24' title="bbox 252 2967 1359 3052; baseline 0 -18"><span class='ocrx_word' id='word_1_183' title='bbox 252 2969 388 3052; x_wconf 86' lang='lat' dir='ltr'>originis</span> <span class='ocrx_word' id='word_1_184' title='bbox 403 2967 615 3051; x_wconf 88' lang='lat' dir='ltr'>disputatione</span> <span class='ocrx_word' id='word_1_185' title='bbox 631 2967 723 3033; x_wconf 89' lang='lat' dir='ltr'>abusi</span> <span class='ocrx_word' id='word_1_186' title='bbox 739 2977 831 3034; x_wconf 85' lang='lat' dir='ltr'>sunt..</span> <span class='ocrx_word' id='word_1_187' title='bbox 847 2969 945 3032; x_wconf 87' lang='lat' dir='ltr'>verba</span> <span class='ocrx_word' id='word_1_188' title='bbox 960 2968 1028 3031; x_wconf 90' lang='lat' dir='ltr'>eius</span> <span class='ocrx_word' id='word_1_189' title='bbox 1043 2967 1121 3032; x_wconf 88' lang='lat' dir='ltr'>haec</span> <span class='ocrx_word' id='word_1_190' title='bbox 1136 2974 1210 3032; x_wconf 91' lang='lat' dir='ltr'>sunt</span> <span class='ocrx_word' id='word_1_191' title='bbox 1230 2970 1263 3033; x_wconf 91' lang='lat' dir='ltr'>in</span> <span class='ocrx_word' id='word_1_192' title='bbox 1278 2970 1359 3034; x_wconf 90' lang='lat' dir='ltr'>libro</span> 
     </span>
     <span class='ocr_line' id='line_1_25' title="bbox 254 3069 1358 3155; baseline 0.003 -21"><span class='ocrx_word' id='word_1_193' title='bbox 254 3095 297 3134; x_wconf 84' lang='lat' dir='ltr'>vn</span> <span class='ocrx_word' id='word_1_194' title='bbox 313 3071 356 3136; x_wconf 83' lang='lat' dir='ltr'>dc</span> <span class='ocrx_word' id='word_1_195' title='bbox 368 3070 479 3150; x_wconf 85' lang='lat' dir='ltr'>lingua</span> <span class='ocrx_word' id='word_1_196' title='bbox 490 3069 604 3133; x_wconf 85' lang='lat' dir='ltr'>Latina</span> <span class='ocrx_word' id='word_1_197' title='bbox 614 3090 645 3151; x_wconf 87' lang='lat' dir='ltr'>p.</span> <span class='ocrx_word' id='word_1_198' title='bbox 658 3076 720 3138; x_wconf 83' lang='lat'>363</span> <span class='ocrx_word' id='word_1_199' title='bbox 734 3120 740 3134; x_wconf 93' lang='lat'>.</span> <span class='ocrx_word' id='word_1_200' title='bbox 758 3073 881 3135; x_wconf 78' lang='lat' dir='ltr'>Numen</span> <span class='ocrx_word' id='word_1_201' title='bbox 894 3070 1001 3133; x_wconf 84' lang='lat' dir='ltr'>dieunt</span> <span class='ocrx_word' id='word_1_202' title='bbox 1016 3094 1080 3134; x_wconf 83' lang='lat' dir='ltr'>esse</span> <span class='ocrx_word' id='word_1_203' title='bbox 1091 3073 1257 3155; x_wconf 67' lang='lat' dir='ltr'>imperinm</span> <span class='ocrx_word' id='word_1_204' title='bbox 1271 3121 1277 3136; x_wconf 95' lang='lat'>.</span> <span class='ocrx_word' id='word_1_205' title='bbox 1294 3073 1358 3137; x_wconf 85' lang='lat' dir='ltr'>dic-</span> 
     </span>
     <span class='ocr_line' id='line_1_26' title="bbox 254 3167 1359 3258; baseline 0.001 -19"><span class='ocrx_word' id='word_1_206' title='bbox 254 3189 318 3239; x_wconf 84' lang='lat' dir='ltr'>tum</span> <span class='ocrx_word' id='word_1_207' title='bbox 339 3200 360 3238; x_wconf 84' lang='lat' dir='ltr'>a</span> <span class='ocrx_word' id='word_1_208' title='bbox 380 3186 482 3252; x_wconf 82' lang='lat' dir='ltr'>nutu,</span> <span class='ocrx_word' id='word_1_209' title='bbox 504 3167 700 3256; x_wconf 77' lang='lat' dir='ltr'>(addendum</span> <span class='ocrx_word' id='word_1_210' title='bbox 720 3173 805 3258; x_wconf 82' lang='lat' dir='ltr'>qnod</span> <span class='ocrx_word' id='word_1_211' title='bbox 825 3174 915 3236; x_wconf 81' lang='lat' dir='ltr'>cuius</span> <span class='ocrx_word' id='word_1_212' title='bbox 937 3169 1028 3254; x_wconf 79' lang='lat' dir='ltr'>narn)</span> <span class='ocrx_word' id='word_1_213' title='bbox 1050 3173 1155 3235; x_wconf 79' lang='lat' dir='ltr'>omnia</span> <span class='ocrx_word' id='word_1_214' title='bbox 1176 3188 1270 3256; x_wconf 76' lang='lat' dir='ltr'>sarri,</span> <span class='ocrx_word' id='word_1_215' title='bbox 1292 3178 1359 3240; x_wconf 75' lang='lat' dir='ltr'>eine</span> 
     </span>
     <span class='ocr_line' id='line_1_27' title="bbox 254 3265 1358 3363; baseline 0 -22"><span class='ocrx_word' id='word_1_216' title='bbox 254 3278 425 3363; x_wconf 72' lang='lat' dir='ltr'>imperinm</span> <span class='ocrx_word' id='word_1_217' title='bbox 439 3275 612 3337; x_wconf 77' lang='lat' dir='ltr'>monimum</span> <span class='ocrx_word' id='word_1_218' title='bbox 634 3298 698 3338; x_wconf 80' lang='lat' dir='ltr'>esse</span> <span class='ocrx_word' id='word_1_219' title='bbox 713 3275 877 3338; x_wconf 79' lang='lat' dir='ltr'>oe‘deutnr.</span> <span class='ocrx_word' id='word_1_220' title='bbox 894 3276 999 3357; x_wconf 81' lang='lat' dir='ltr'>itaque</span> <span class='ocrx_word' id='word_1_221' title='bbox 1023 3276 1056 3336; x_wconf 79' lang='lat' dir='ltr'>alr</span> <span class='ocrx_word' id='word_1_222' title='bbox 1078 3275 1150 3339; x_wconf 83' lang='lat' dir='ltr'>Iove</span> <span class='ocrx_word' id='word_1_223' title='bbox 1173 3265 1228 3340; x_wconf 72' lang='lat' dir='ltr'>doc</span> <span class='ocrx_word' id='word_1_224' title='bbox 1251 3292 1278 3341; x_wconf 82' lang='lat' dir='ltr'>et</span> <span class='ocrx_word' id='word_1_225' title='bbox 1294 3279 1358 3341; x_wconf 91' lang='lat' dir='ltr'>Ho-</span> 
     </span>
     <span class='ocr_line' id='line_1_28' title="bbox 253 3374 1360 3460; baseline -0.003 -17"><span class='ocrx_word' id='word_1_226' title='bbox 253 3403 359 3445; x_wconf 81' lang='lat' dir='ltr'>merus</span> <span class='ocrx_word' id='word_1_227' title='bbox 382 3391 410 3441; x_wconf 84' lang='lat' dir='ltr'>et</span> <span class='ocrx_word' id='word_1_228' title='bbox 432 3376 515 3440; x_wconf 81' lang='lat' dir='ltr'>aiios</span> <span class='ocrx_word' id='word_1_229' title='bbox 531 3374 736 3458; x_wconf 77' lang='lat' dir='ltr'>aliquotiens.</span> <span class='ocrx_word' id='word_1_230' title='bbox 754 3375 808 3438; x_wconf 91' lang='lat' dir='ltr'>ubi</span> <span class='ocrx_word' id='word_1_231' title='bbox 821 3375 993 3456; x_wconf 87' lang='lat' dir='ltr'>legendum</span> <span class='ocrx_word' id='word_1_232' title='bbox 1016 3380 1091 3456; x_wconf 88' lang='lat' dir='ltr'>puto</span> <span class='ocrx_word' id='word_1_233' title='bbox 1115 3389 1142 3440; x_wconf 86' lang='lat' dir='ltr'>et</span> <span class='ocrx_word' id='word_1_234' title='bbox 1164 3380 1313 3460; x_wconf 73' lang='lat' dir='ltr'>anreaii35</span> <span class='ocrx_word' id='word_1_235' title='bbox 1327 3378 1360 3440; x_wconf 90' lang='lat' dir='ltr'>in</span> 
     </span>
     <span class='ocr_line' id='line_1_29' title="bbox 255 3476 1359 3565; baseline 0.002 -21"><span class='ocrx_word' id='word_1_236' title='bbox 255 3480 372 3561; x_wconf 89' lang='lat' dir='ltr'>quibus</span> <span class='ocrx_word' id='word_1_237' title='bbox 389 3476 469 3541; x_wconf 91' lang='lat' dir='ltr'>haec</span> <span class='ocrx_word' id='word_1_238' title='bbox 485 3482 568 3540; x_wconf 87' lang='lat' dir='ltr'>certe</span> <span class='ocrx_word' id='word_1_239' title='bbox 583 3476 681 3540; x_wconf 81' lang='lat' dir='ltr'>luisse</span> <span class='ocrx_word' id='word_1_240' title='bbox 704 3476 820 3540; x_wconf 88' lang='lat' dir='ltr'>scimus</span> <span class='ocrx_word' id='word_1_241' title='bbox 834 3527 841 3553; x_wconf 96' lang='lat'>,</span> <span class='ocrx_word' id='word_1_242' title='bbox 857 3479 1002 3562; x_wconf 78' lang='lat' dir='ltr'>Iuppiter·</span> <span class='ocrx_word' id='word_1_243' title='bbox 1023 3477 1072 3539; x_wconf 78' lang='lat' dir='ltr'>bie</span> <span class='ocrx_word' id='word_1_244' title='bbox 1092 3479 1183 3558; x_wconf 73' lang='lat' dir='ltr'>risit,</span> <span class='ocrx_word' id='word_1_245' title='bbox 1199 3493 1359 3565; x_wconf 75' lang='lat' dir='ltr'>tempesta-</span> 
     </span>
     <span class='ocr_line' id='line_1_30' title="bbox 254 3579 1265 3666; baseline 0 -22"><span class='ocrx_word' id='word_1_246' title='bbox 254 3596 361 3666; x_wconf 79' lang='lat' dir='ltr'>tesque</span> <span class='ocrx_word' id='word_1_247' title='bbox 384 3603 510 3643; x_wconf 82' lang='lat' dir='ltr'>serenae</span> <span class='ocrx_word' id='word_1_248' title='bbox 533 3579 684 3642; x_wconf 75' lang='lat' dir='ltr'>Riserunt</span> <span class='ocrx_word' id='word_1_249' title='bbox 705 3603 809 3643; x_wconf 83' lang='lat' dir='ltr'>omnes</span> <span class='ocrx_word' id='word_1_250' title='bbox 831 3581 900 3643; x_wconf 79' lang='lat' dir='ltr'>risa</span> <span class='ocrx_word' id='word_1_251' title='bbox 923 3580 1008 3643; x_wconf 81' lang='lat' dir='ltr'>Iovis</span> <span class='ocrx_word' id='word_1_252' title='bbox 1031 3580 1265 3663; x_wconf 57' lang='lat' dir='ltr'>omnpotentis.</span> 
     </span>
    </p>

    <p class='ocr_par' dir='ltr' id='par_1_4' title="bbox 254 3680 1362 4273">
     <span class='ocr_line' id='line_1_31' title="bbox 342 3680 1359 3749; baseline -0.004 0"><span class='ocrx_word' id='word_1_253' title='bbox 342 3686 416 3749; x_wconf 83' lang='lat'>636.</span> <span class='ocrx_word' id='word_1_254' title='bbox 440 3685 512 3747; x_wconf 76' lang='lat'>637.</span> <span class='ocrx_word' id='word_1_255' title='bbox 536 3680 667 3744; x_wconf 78' lang='lat' dir='ltr'>Aumnn</span> <span class='ocrx_word' id='word_1_256' title='bbox 693 3702 737 3741; x_wconf 82' lang='lat' dir='ltr'>nr</span> <span class='ocrx_word' id='word_1_257' title='bbox 772 3703 805 3741; x_wconf 84' lang='lat' dir='ltr'>ru</span> <span class='ocrx_word' id='word_1_258' title='bbox 828 3697 1005 3743; x_wconf 79' lang='lat' dir='ltr'>numanum</span> <span class='ocrx_word' id='word_1_259' title='bbox 1031 3700 1187 3740; x_wconf 65' lang='lat' dir='ltr'>inaurea</span> <span class='ocrx_word' id='word_1_260' title='bbox 1215 3704 1359 3744; x_wconf 71' lang='lat' dir='ltr'>cnonas</span> 
     </span>
     <span class='ocr_line' id='line_1_32' title="bbox 255 3783 1360 3848; baseline -0.001 0"><span class='ocrx_word' id='word_1_261' title='bbox 255 3787 389 3848; x_wconf 75' lang='lat' dir='ltr'>Annus</span> <span class='ocrx_word' id='word_1_262' title='bbox 417 3805 453 3845; x_wconf 82' lang='lat' dir='ltr'>1n</span> <span class='ocrx_word' id='word_1_263' title='bbox 474 3803 652 3845; x_wconf 82' lang='lat' dir='ltr'>uuunuuu</span> <span class='ocrx_word' id='word_1_264' title='bbox 673 3803 887 3845; x_wconf 77' lang='lat' dir='ltr'>runsnnnnr</span> <span class='ocrx_word' id='word_1_265' title='bbox 913 3802 1071 3843; x_wconf 76' lang='lat' dir='ltr'>anurnus</span> <span class='ocrx_word' id='word_1_266' title='bbox 1094 3802 1212 3842; x_wconf 70' lang='lat' dir='ltr'>annu.</span> <span class='ocrx_word' id='word_1_267' title='bbox 1233 3783 1281 3845; x_wconf 88' lang='lat' dir='ltr'>lta</span> <span class='ocrx_word' id='word_1_268' title='bbox 1305 3783 1360 3847; x_wconf 91' lang='lat' dir='ltr'>ob·</span> 
     </span>
     <span class='ocr_line' id='line_1_33' title="bbox 254 3882 1361 3966; baseline -0.001 -18"><span class='ocrx_word' id='word_1_269' title='bbox 254 3886 374 3965; x_wconf 87' lang='lat' dir='ltr'>longus</span> <span class='ocrx_word' id='word_1_270' title='bbox 388 3884 504 3948; x_wconf 80' lang='lat' dir='ltr'>Armet</span> <span class='ocrx_word' id='word_1_271' title='bbox 518 3899 545 3949; x_wconf 79' lang='lat' dir='ltr'>er</span> <span class='ocrx_word' id='word_1_272' title='bbox 560 3887 594 3948; x_wconf 80' lang='lat' dir='ltr'>in</span> <span class='ocrx_word' id='word_1_273' title='bbox 609 3883 714 3966; x_wconf 91' lang='lat' dir='ltr'>priore</span> <span class='ocrx_word' id='word_1_274' title='bbox 729 3902 844 3960; x_wconf 82' lang='lat' dir='ltr'>versu,</span> <span class='ocrx_word' id='word_1_275' title='bbox 861 3882 894 3944; x_wconf 95' lang='lat' dir='ltr'>in</span> <span class='ocrx_word' id='word_1_276' title='bbox 910 3882 1008 3945; x_wconf 91' lang='lat' dir='ltr'>altero</span> <span class='ocrx_word' id='word_1_277' title='bbox 1025 3883 1139 3945; x_wconf 77' lang='lat' dir='ltr'>Armet</span> <span class='ocrx_word' id='word_1_278' title='bbox 1154 3885 1206 3953; x_wconf 78' lang='lat' dir='ltr'>in,</span> <span class='ocrx_word' id='word_1_279' title='bbox 1226 3883 1361 3963; x_wconf 87' lang='lat' dir='ltr'>quadra-</span> 
     </span>
     <span class='ocr_line' id='line_1_34' title="bbox 255 3982 1362 4066; baseline 0.001 -17"><span class='ocrx_word' id='word_1_280' title='bbox 255 3994 306 4051; x_wconf 91' lang='lat' dir='ltr'>tus</span> <span class='ocrx_word' id='word_1_281' title='bbox 321 3987 356 4049; x_wconf 94' lang='lat' dir='ltr'>in</span> <span class='ocrx_word' id='word_1_282' title='bbox 368 3991 502 4066; x_wconf 90' lang='lat' dir='ltr'>utroque</span> <span class='ocrx_word' id='word_1_283' title='bbox 513 3987 642 4049; x_wconf 81' lang='lat' dir='ltr'>Armati</span> <span class='ocrx_word' id='word_1_284' title='bbox 655 3999 681 4049; x_wconf 80' lang='lat' dir='ltr'>er</span> <span class='ocrx_word' id='word_1_285' title='bbox 696 3987 730 4048; x_wconf 80' lang='lat' dir='ltr'>in</span> <span class='ocrx_word' id='word_1_286' title='bbox 740 4032 747 4046; x_wconf 89' lang='lat'>.</span> <span class='ocrx_word' id='word_1_287' title='bbox 759 3983 793 4047; x_wconf 92' lang='lat' dir='ltr'>in</span> <span class='ocrx_word' id='word_1_288' title='bbox 807 3982 913 4065; x_wconf 90' lang='lat' dir='ltr'>priore</span> <span class='ocrx_word' id='word_1_289' title='bbox 929 4001 1031 4066; x_wconf 89' lang='lat' dir='ltr'>paene</span> <span class='ocrx_word' id='word_1_290' title='bbox 1044 3988 1202 4047; x_wconf 89' lang='lat' dir='ltr'>servatum</span> <span class='ocrx_word' id='word_1_291' title='bbox 1216 3983 1362 4050; x_wconf 84' lang='lat' dir='ltr'>videmus</span> 
     </span>
     <span class='ocr_line' id='line_1_35' title="bbox 256 4084 1361 4168; baseline -0.002 -16"><span class='ocrx_word' id='word_1_292' title='bbox 256 4091 449 4165; x_wconf 73' lang='lat' dir='ltr'>Aruerni,</span> <span class='ocrx_word' id='word_1_293' title='bbox 467 4093 571 4151; x_wconf 88' lang='lat' dir='ltr'>cetera</span> <span class='ocrx_word' id='word_1_294' title='bbox 592 4084 729 4150; x_wconf 90' lang='lat' dir='ltr'>delenda</span> <span class='ocrx_word' id='word_1_295' title='bbox 755 4104 827 4150; x_wconf 90' lang='lat' dir='ltr'>esse</span> <span class='ocrx_word' id='word_1_296' title='bbox 849 4085 1024 4149; x_wconf 91' lang='lat' dir='ltr'>Lambinus</span> <span class='ocrx_word' id='word_1_297' title='bbox 1045 4084 1200 4149; x_wconf 84' lang='lat' dir='ltr'>intellexit</span> <span class='ocrx_word' id='word_1_298' title='bbox 1221 4086 1361 4168; x_wconf 91' lang='lat' dir='ltr'>primus.</span> 
     </span>
     <span class='ocr_line' id='line_1_36' title="bbox 257 4187 1292 4273; baseline -0.001 -20"><span class='ocrx_word' id='word_1_299' title='bbox 257 4210 295 4254; x_wconf 85' lang='lat' dir='ltr'>ex</span> <span class='ocrx_word' id='word_1_300' title='bbox 319 4189 421 4253; x_wconf 85' lang='lat' dir='ltr'>altero</span> <span class='ocrx_word' id='word_1_301' title='bbox 445 4187 606 4252; x_wconf 79' lang='lat' dir='ltr'>Charisius</span> <span class='ocrx_word' id='word_1_302' title='bbox 628 4209 659 4270; x_wconf 93' lang='lat' dir='ltr'>p.</span> <span class='ocrx_word' id='word_1_303' title='bbox 677 4191 717 4254; x_wconf 77' lang='lat'>72</span> <span class='ocrx_word' id='word_1_304' title='bbox 739 4193 770 4251; x_wconf 86' lang='lat' dir='ltr'>ct</span> <span class='ocrx_word' id='word_1_305' title='bbox 792 4192 832 4254; x_wconf 79' lang='lat'>97</span> <span class='ocrx_word' id='word_1_306' title='bbox 850 4190 1025 4273; x_wconf 79' lang='lat' dir='ltr'>pulsabant</span> <span class='ocrx_word' id='word_1_307' title='bbox 1047 4189 1174 4252; x_wconf 77' lang='lat' dir='ltr'>aeribus</span> <span class='ocrx_word' id='word_1_308' title='bbox 1196 4212 1292 4252; x_wconf 81' lang='lat' dir='ltr'>cera.</span> 
     </span>
    </p>

    <p class='ocr_par' dir='ltr' id='par_1_5' title="bbox 256 4286 1362 4557">
     <span class='ocr_line' id='line_1_37' title="bbox 342 4286 1362 4364; baseline -0.002 -7"><span class='ocrx_word' id='word_1_309' title='bbox 342 4293 416 4357; x_wconf 84' lang='lat'>640.</span> <span class='ocrx_word' id='word_1_310' title='bbox 439 4311 577 4352; x_wconf 76' lang='lat' dir='ltr'>Annum</span> <span class='ocrx_word' id='word_1_311' title='bbox 591 4309 739 4350; x_wconf 78' lang='lat' dir='ltr'>nunrnnu</span> <span class='ocrx_word' id='word_1_312' title='bbox 755 4309 1012 4352; x_wconf 72' lang='lat' dir='ltr'>communion.</span> <span class='ocrx_word' id='word_1_313' title='bbox 1030 4286 1211 4364; x_wconf 77' lang='lat' dir='ltr'>Quadratus</span> <span class='ocrx_word' id='word_1_314' title='bbox 1232 4305 1362 4355; x_wconf 74' lang='lat' dir='ltr'>enarrem</span> 
     </span>
     <span class='ocr_line' id='line_1_38' title="bbox 257 4388 1362 4478; baseline 0 -22"><span class='ocrx_word' id='word_1_315' title='bbox 257 4392 379 4456; x_wconf 74' lang='lat' dir='ltr'>annaei</span> <span class='ocrx_word' id='word_1_316' title='bbox 398 4393 584 4455; x_wconf 78' lang='lat' dir='ltr'>comitantur</span> <span class='ocrx_word' id='word_1_317' title='bbox 597 4438 604 4453; x_wconf 92' lang='lat'>.</span> <span class='ocrx_word' id='word_1_318' title='bbox 619 4389 705 4452; x_wconf 88' lang='lat' dir='ltr'>idem</span> <span class='ocrx_word' id='word_1_319' title='bbox 725 4388 807 4451; x_wconf 86' lang='lat' dir='ltr'>infra</span> <span class='ocrx_word' id='word_1_320' title='bbox 822 4394 884 4457; x_wconf 85' lang='grc'>936</span> <span class='ocrx_word' id='word_1_321' title='bbox 907 4391 973 4454; x_wconf 86' lang='lat' dir='ltr'>Nec</span> <span class='ocrx_word' id='word_1_322' title='bbox 989 4393 1176 4454; x_wconf 73' lang='lat' dir='ltr'>commentari</span> <span class='ocrx_word' id='word_1_323' title='bbox 1194 4394 1362 4478; x_wconf 77' lang='lat' dir='ltr'>quicquam</span> 
     </span>
     <span class='ocr_line' id='line_1_39' title="bbox 256 4493 568 4557; baseline -0.006 0"><span class='ocrx_word' id='word_1_324' title='bbox 256 4497 326 4557; x_wconf 83' lang='lat' dir='ltr'>sine</span> <span class='ocrx_word' id='word_1_325' title='bbox 348 4493 537 4556; x_wconf 80' lang='lat' dir='ltr'>conciliata.</span> <span class='ocrx_word' id='word_1_326' title='bbox 561 4525 568 4537; x_wconf 53' lang='lat'>³</span> 
     </span>
    </p>

    <p class='ocr_par' dir='ltr' id='par_1_6' title="bbox 257 4591 1364 4774">
     <span class='ocr_line' id='line_1_40' title="bbox 343 4591 1363 4665; baseline -0.006 -3"><span class='ocrx_word' id='word_1_327' title='bbox 343 4596 533 4662; x_wconf 81' lang='lat'>646—651.</span> <span class='ocrx_word' id='word_1_328' title='bbox 557 4591 675 4656; x_wconf 84' lang='lat' dir='ltr'>Omnrs</span> <span class='ocrx_word' id='word_1_329' title='bbox 704 4613 791 4653; x_wconf 78' lang='lat' dir='ltr'>nuru</span> <span class='ocrx_word' id='word_1_330' title='bbox 820 4614 888 4653; x_wconf 81' lang='lat' dir='ltr'>nnn</span> <span class='ocrx_word' id='word_1_331' title='bbox 919 4614 1061 4654; x_wconf 84' lang='lat' dir='ltr'>sn—</span> <span class='ocrx_word' id='word_1_332' title='bbox 1080 4616 1201 4665; x_wconf 75' lang='lat' dir='ltr'>unone</span> <span class='ocrx_word' id='word_1_333' title='bbox 1233 4616 1363 4656; x_wconf 75' lang='lat' dir='ltr'>naucr-</span> 
     </span>
     <span class='ocr_line' id='line_1_41' title="bbox 257 4692 1364 4774; baseline -0.001 -15"><span class='ocrx_word' id='word_1_334' title='bbox 257 4719 330 4759; x_wconf 82' lang='lat' dir='ltr'>run</span> <span class='ocrx_word' id='word_1_335' title='bbox 353 4715 436 4756; x_wconf 72' lang='lat' dir='ltr'>rna.</span> <span class='ocrx_word' id='word_1_336' title='bbox 460 4693 547 4757; x_wconf 92' lang='lat' dir='ltr'>Haec</span> <span class='ocrx_word' id='word_1_337' title='bbox 561 4693 745 4758; x_wconf 89' lang='lat' dir='ltr'>Lactantius</span> <span class='ocrx_word' id='word_1_338' title='bbox 761 4692 856 4756; x_wconf 91' lang='lat' dir='ltr'>habet</span> <span class='ocrx_word' id='word_1_339' title='bbox 878 4692 918 4756; x_wconf 92' lang='lat' dir='ltr'>de</span> <span class='ocrx_word' id='word_1_340' title='bbox 940 4693 988 4757; x_wconf 91' lang='lat' dir='ltr'>ira</span> <span class='ocrx_word' id='word_1_341' title='bbox 1003 4695 1055 4759; x_wconf 92' lang='lat' dir='ltr'>dei</span> <span class='ocrx_word' id='word_1_342' title='bbox 1070 4701 1100 4774; x_wconf 88' lang='lat'>8,</span> <span class='ocrx_word' id='word_1_343' title='bbox 1115 4699 1130 4760; x_wconf 97' lang='lat'>1</span> <span class='ocrx_word' id='word_1_344' title='bbox 1146 4745 1153 4772; x_wconf 93' lang='lat'>,</span> <span class='ocrx_word' id='word_1_345' title='bbox 1169 4693 1245 4757; x_wconf 91' lang='lat' dir='ltr'>item</span> <span class='ocrx_word' id='word_1_346' title='bbox 1267 4695 1364 4760; x_wconf 88' lang='lat' dir='ltr'>versi-</span> 
     </span>
    </p>
   </div>
   <div class='ocr_carea' id='block_1_3' title="bbox 0 0 1774 5442">
    <p class='ocr_par' dir='ltr' id='par_1_7' title="bbox 0 0 1774 5442">
     <span class='ocr_line' id='line_1_42' title="bbox 0 0 1774 5442; baseline 0 0"><span class='ocrx_word' id='word_1_347' title='bbox 0 0 1774 5442; x_wconf 95' lang='lat' dir='ltr'> </span> 
     </span>
    </p>
   </div>
  </div>
 </body>
</html>
