3509 5442
781 548 827 615 lll
1298 559 1360 628 195

248 717 355 783 mlta.
373 718 451 800 quin
470 719 541 802 ipse
563 719 695 784 Plautus
716 718 778 784 hoe
799 719 895 783 modo
917 719 1005 784 hiare
1026 728 1131 787 amat.
1145 723 1178 786 in
1193 725 1359 791 Aulularia

248 820 364 902 proli)
380 823 478 886 Petri
491 846 610 906 auoque
633 825 697 887 iam
718 823 812 887 bueus
834 824 894 906 qui
912 847 1005 904 uuue,
1016 825 1066 889 bie
1087 826 1196 890 babet.
1212 827 1246 890 in
1261 815 1365 893 Pseu

248 920 328 985 dulo
343 929 431 1001 1v,7‚
446 929 506 992 105
527 918 604 989 'rba’
625 926 764 1010 imaqiue
792 925 987 1010 obsiquutum
1015 928 1181 1010 epistulam
1208 930 1258 993 bie
1287 944 1358 996 aute

248 1026 364 1089 eutium
379 1073 386 1088 .
401 1024 437 1088 in
450 1025 595 1090 Rudente
610 1048 631 1101 Ι,
638 1028 668 1102 2,
681 1030 722 1092 93
737 1026 777 1090 Si
789 1016 878 1110 apud
891 1050 938 1089 me
954 1031 1092 1108 eeuru's,
1107 1029 1189 1094 mibi
1200 1030 1279 1096 dori
1290 1056 1358 1117 ope

248 1151 322 1190 ram
343 1128 433 1192 uolo.
452 1149 495 1205 m,
511 1133 541 1206 3,
558 1133 600 1197 80
625 1128 762 1206 Quemne
788 1152 843 1213 eqo
866 1131 978 1213 excepi
997 1131 1031 1192 iu
1053 1131 1163 1194 muri?
1177 1143 1211 1194 ot
1232 1155 1287 1216 eqo
1309 1134 1358 1196 iu·

248 1231 394 1313 spectaui
413 1254 429 1294 e
444 1231 552 1295 litore.
567 1229 601 1293 in
622 1228 764 1293 Poenulo
779 1251 800 1305 1,
813 1235 842 1307 3,
855 1233 918 1307 23,
934 1231 1044 1316 Neque
1064 1237 1216 1315 quiritum
1231 1234 1358 1317 equat'st

219 1408 223 1416 ¹
248 1333 282 1393 iu
305 1337 415 1395 muri.
432 1333 580 1396 ebe'turuu
603 1356 634 1397 ea
648 1331 662 1394 7
676 1352 710 1408 11,
722 1336 764 1398 49
781 1331 927 1397 Carteiae.
943 1346 1007 1397 tum
1029 1347 1063 1397 tu
1084 1335 1185 1419 iqitur
1207 1333 1258 1399 die
1279 1336 1360 1400 boui

239 1433 478 1518 Aphrodisiis.
493 1436 578 1512 1V‚2‚
591 1438 628 1501 81
656 1433 721 1511 out
738 1437 805 1496 ium
822 1435 979 1518 surripuit
998 1436 1057 1499 bue
1073 1434 1216 1516 deveaeu,
1230 1459 1357 1521 meoque

250 1537 306 1600 ero
327 1560 398 1600 eum
419 1536 469 1599 bio
485 1534 644 1600 uendidit.
660 1533 694 1597 in
708 1534 883 1599 Mercatore
898 1558 941 1613 ru,
952 1543 983 1614 4,
996 1542 1016 1604 9
1031 1538 1115 1601 Abi.
1132 1537 1212 1622 quid
1223 1539 1359 1603 obeunti

249 1651 284 1718 st,
312 1638 395 1702 ubi.
414 1638 562 1701 obeamue
580 1637 594 1700 9
614 1639 670 1701 abi
683 1685 690 1701 .
711 1636 744 1700 in
774 1638 888 1702 eadem
908 1659 938 1715 u,
956 1641 1023 1716 25
1051 1639 1151 1702 Demi
1175 1649 1242 1701 erut
1274 1639 1360 1722 quod

250 1738 488 1822 quaeritabam.
504 1737 538 1800 in
558 1737 742 1803 Trinummo
757 1745 833 1817 11‚4,
849 1744 909 1807 159
933 1740 1052 1826 Lepide
1077 1740 1179 1803 berete
1200 1739 1283 1824 uqr6
1303 1765 1358 1825 eqo

249 1841 304 1904 boe
327 1842 412 1904 burte
432 1864 535 1905 amem
557 1840 717 1906 deterrui:
733 1841 779 1905 sie
800 1840 1050 1906 Ambrosianus·

233 1958 235 1964 “
337 1945 412 2008 943.
436 1962 544 2004 vrrnn
568 1963 681 2005 erran
703 1965 802 2006 mers
819 1992 826 2005 .
843 1944 955 2024 mure,
972 1942 1122 2025 quoniam
1144 1962 1237 2008 suum
1259 1963 1356 2024 quae-

251 2062 314 2124 que
342 2062 398 2108 ars
420 2043 571 2125 loquendi
593 2064 686 2109 usum
707 2043 823 2122 habet,
839 2063 904 2107 non
925 2046 1161 2109 incommote
1182 2045 1356 2112 Lambinus

250 2167 379 2223 rums,
399 2164 441 2211 ne
462 2144 579 2209 indicio
603 2145 731 2226 quidem
753 2144 836 2210 facto
859 2146 1110 2211 emendationis.
1132 2146 1302 2213 Sallustius
1323 2148 1356 2212 in

250 2247 404 2328 Iugurtha
421 2253 501 2326 10,3
517 2250 666 2333 quonium
687 2251 769 2313 mibi
780 2263 898 2312 uuturu
909 2250 1010 2334 finem
1026 2252 1108 2314 uitae
1120 2250 1230 2334 feeit.
1246 2249 1356 2315 Oieero

249 2349 281 2414 in
305 2348 516 2433 epistularum
537 2350 579 2413 ad
601 2349 739 2414 Atticum
762 2349 843 2413 libro
858 2354 1042 2429 xv1‚16‚16
1069 2365 1104 2416 ut
1124 2365 1249 2417 nostroe
1270 2353 1356 2418 aotli-

250 2452 404 2517 eitudiuis
415 2453 516 2538 finem
540 2476 634 2538 quum
648 2453 794 2537 primum
805 2453 921 2537 faeere
937 2457 1119 2538 possimus.

337 2559 411 2622 945.
434 2552 541 2629 Quor>
564 2574 723 2616 Pulcer.
739 2554 837 2618 Reete
859 2572 969 2618 omnes
983 2559 1109 2636 praeter
1123 2559 1246 2620 veteres
1260 2575 1357 2620 mem-

250 2655 370 2719 branae
392 2654 483 2733 Quod
503 2676 687 2719 renense.

290 2801 296 2811 ·
337 2760 411 2823 947.
446 2756 634 2821 (iuuenem
666 2778 884 2820 nunaunnrn
908 2807 915 2835 ,
942 2778 1066 2820 neuen
1094 2779 1215 2822 runnu
1241 2779 1355 2850 ouius

249 2879 413 2921 ansuis.
436 2857 604 2923 Correotor
632 2859 778 2941 quadrati
811 2864 843 2924 et
871 2859 968 2927 ceteri
997 2881 1190 2923 nnnununr
1218 2866 1250 2925 et
1273 2884 1356 2926 nns-

250 2981 363 3023 rnnr.
1315 3013 1318 3018 .

254 3043 260 3055 '
336 3058 411 3130 948.
434 3083 646 3125 s1ennenS.
672 3062 732 3127 Hie
754 3080 882 3144 quoque
908 3067 992 3126 reete
1015 3063 1208 3141 Lambinus,
1232 3064 1289 3129 sed
1311 3071 1358 3129 ta-

251 3165 310 3229 cite
324 3215 332 3241 ‚
348 3166 382 3228 et
393 3184 533 3226 reeens
547 3188 553 3227 :
569 3184 643 3227 nam
665 3163 698 3228 in
712 3183 808 3230 versu
822 3162 988 3247 proximo,
1005 3166 1060 3248 qui
1075 3165 1230 3246 quadrato
1246 3167 1356 3246 abest,

251 3273 284 3331 ut
306 3266 374 3330 dixi
396 3263 439 3329 ad
455 3271 516 3334 759
529 3316 537 3343 ,
552 3266 668 3347 legitur
690 3269 723 3330 si
741 3291 914 3352 numquam
936 3269 982 3333 sis
1003 3270 1195 3332 moriturus.

336 3373 411 3437 950.
434 3367 531 3444 Qurn
554 3389 841 3446 resumemus,
858 3390 890 3430 ει
912 3389 1048 3432 rusrnu
1064 3416 1071 3432 .
1087 3369 1242 3434 Marullus
1265 3392 1355 3434 urm.

251 3490 349 3553 supra
365 3474 424 3538 771
450 3469 608 3550 oblongus
629 3473 661 3534 ai
681 3473 740 3535 erit
762 3494 908 3534 musore.

336 3576 411 3641 952.
449 3573 578 3642 Arnen
611 3593 750 3634 oarrun
781 3593 1055 3636 nnnnnrnrun.
1085 3572 1172 3638 Idem
1204 3573 1358 3641 Marullus

249 3679 293 3740 At
316 3678 378 3761 qui
396 3675 511 3738 obitum
521 3699 532 3756 ,·
546 3693 610 3738 non
632 3678 740 3738 reete:
761 3673 856 3737 debet
879 3673 962 3737 enim
984 3678 1058 3736 ante
1079 3671 1163 3736 hune
1183 3692 1310 3738 versum
1331 3675 1359 3739 is

250 3775 429 3853 collocari,
452 3775 506 3857 qui
536 3774 687 3839 orationis
713 3775 802 3838 laxat
827 3774 977 3851 vincula,
1000 3773 1075 3836 dum
1101 3779 1233 3838 naturae
1259 3775 1359 3840 verba

249 3875 472 3958 interrumpit,
488 3875 653 3941 Graudr'or
674 3878 724 3940 irie
746 3900 818 3941 uere
840 3878 872 3939 si
892 3877 957 3939 ium
978 3875 1143 3958 seniorque
1165 3890 1316 3958 queratur
1328 3896 1346 3941 .·
1395 3865 1401 3871 ’

336 3983 411 4046 954.
434 3979 561 4042 Aurea
576 3998 711 4039 namne
731 3998 914 4039 secernas
928 4026 935 4054 ‚
951 3995 1137 4037 asuerus.
1154 3970 1356 4063 Βάραθρος,

249 4079 429 4146 eonvioinm
455 4077 592 4143 hominis
618 4078 766 4142 barathro
791 4078 881 4158 digni
908 4097 928 4140 a
954 4074 1170 4157 compluribus
1202 4097 1359 4157 gramma-

248 4182 321 4248 ticis
349 4179 483 4246 Graecis
511 4199 551 4243 ex
582 4180 732 4261 scriptore
758 4178 854 4243 hodie
879 4179 989 4258 ignoto
1017 4175 1177 4254 relatum,
1198 4178 1359 4261 quomodo

249 4288 378 4366 poetam
401 4281 548 4345 Latinum
571 4281 686 4345 decere
708 4281 809 4364 possit
837 4299 903 4344 non
925 4278 1042 4344 video.
1064 4278 1219 4344 Marullus
1241 4282 1359 4347 harde:

248 4384 369 4450 reotius
397 4382 421 4446 ii
449 4401 582 4464 quorum
609 4381 740 4446 nomina
766 4381 934 4446 Turnebus
960 4380 994 4443 in
1023 4378 1278 4445 adversariorum
1305 4404 1358 4461 xx,

248 4491 291 4555 be
319 4484 457 4562 reboet,
480 4482 536 4564 qui
567 4483 717 4547 volebant
750 4503 916 4546 nanneno
939 4530 945 4546 .
972 4480 1033 4545 hoo
1065 4481 1150 4546 idem
1183 4489 1256 4565 post
1286 4483 1359 4547 illos

247 4587 405 4654 Nioolaus
427 4585 578 4651 Heinsius
599 4584 750 4660 invenit,
772 4584 826 4665 qui
849 4583 998 4666 exposuit
1022 4583 1064 4646 ad
1087 4582 1191 4648 Ovidii
1216 4603 1360 4649 amorum

248 4695 341 4770 m‚3‚
356 4693 397 4768 1,
418 4687 575 4772 probante
597 4685 743 4753 Bentleio
771 4686 813 4751 ad
836 4686 960 4751 Horatii
986 4703 1166 4749 sermonum
1187 4691 1262 4766 11‚3‚
1278 4689 1358 4754 166.

1095 4787 1159 4855 13*
