3509 5442
320 545 383 610 248
851 538 896 602 lV

322 711 475 777 Claudius
496 709 654 775 Sacerdos
680 709 713 773 in
743 707 823 772 libro
846 707 947 791 primo
964 728 993 791 p.
1006 713 1067 792 44,
1084 707 1139 773 ubi
1160 707 1201 776 de
1224 709 1420 793 synecdoche

322 814 388 897 agit
399 864 406 892 ‚
423 813 502 878 haee
513 811 626 892 habet,
642 813 707 875 Per
720 810 756 875 id
766 810 850 895 quod
860 809 977 875 dicitur
989 810 1073 875 illud
1083 811 1169 896 quod
1177 814 1342 898 sequitur.
1357 814 1421 878 Rem

322 918 430 981 ambus
447 915 666 1000 ultrufossuru
677 914 810 977 reticere
822 915 942 997 co'e'pit:
957 913 1146 978 subauditur
1158 917 1243 1010 euim
1251 939 1380 979 mamus.
1391 914 1419 977 in

321 1016 382 1082 hoc
402 1037 518 1095 versu,
535 1034 629 1096 quem
652 1013 746 1077 Ennii
772 1030 845 1077 esse
868 1017 964 1096 puto,
985 1013 1251 1080 Vindobonenses
1272 1014 1420 1080 rectula

322 1124 432 1184 cetunt
446 1121 574 1199 emtas,
592 1137 663 1181 cum
685 1115 718 1179 in
740 1112 849 1179 codice
873 1118 959 1178 esset
982 1139 1093 1180 amus:
1113 1114 1173 1181 sed
1193 1119 1330 1183 reteuue
1352 1118 1420 1181 mihi

323 1221 492 1285 obscurum
514 1225 582 1298 cst,
599 1217 685 1300 quod
707 1216 760 1281 vix
782 1215 884 1299 potuit
906 1215 994 1280 aliud
1016 1236 1087 1282 esse
1110 1235 1206 1299 quam
1217 1220 1419 1303 protendere:

321 1322 382 1386 hoc
405 1326 510 1386 eutem
532 1320 672 1386 admisso
695 1317 855 1384 evanescit
868 1317 1077 1400 trisyllabon.
1098 1317 1247 1383 Plautina
1269 1321 1420 1402 quaedam

322 1421 416 1486 huius
437 1422 596 1505 trisyllabi
617 1419 763 1503 exempla
782 1418 973 1486 Ritschelius
995 1421 1037 1485 ad
1056 1419 1275 1485 Trinummum
1291 1443 1421 1506 p.nxxv1

321 1543 404 1588 vana
426 1525 532 1607 specie
555 1523 665 1589 fallere
693 1520 819 1587 statuit.
837 1521 922 1586 idem
944 1528 1051 1587 tamen
1074 1521 1160 1605 quod
1182 1520 1266 1587 hanc
1293 1523 1420 1590 formam

322 1625 476 1690 rationem
491 1626 611 1690 habere
626 1629 742 1706 negat,
758 1623 834 1687 mihi
856 1644 922 1688 non
936 1623 1127 1707 persuadet:
1144 1643 1218 1688 nam
1234 1625 1275 1690 ab
1292 1629 1422 1713 epieredo

322 1734 357 1791 ut
378 1726 412 1790 fit
433 1729 566 1814 copula,
582 1726 626 1790 ita
648 1738 769 1812 co'e'pere
785 1729 921 1812 co'e'ptsse
936 1738 1075 1812 co'e'ptum
1085 1777 1094 1809 ‚
1111 1745 1128 1790 e
1151 1724 1268 1808 quibus
1291 1733 1423 1815 coepesse

322 1849 387 1893 non
408 1829 511 1894 minus
532 1835 616 1894 recte
640 1833 735 1911 quam
758 1833 863 1892 cetera
879 1825 1021 1890 contrahi
1036 1826 1138 1911 potuit
1160 1845 1198 1890 eo
1214 1828 1312 1894 modo
1335 1850 1424 1912 quem

322 1929 356 1995 in
377 1933 522 1997 coemisse
543 1929 721 1995 notavimus
743 1929 823 1994 libro
843 1953 876 2008 11,
893 1933 993 1998 1061.
1016 1930 1057 1994 ab
1080 1948 1118 1993 eo
1141 1933 1247 1994 autem
1270 1932 1360 2014 quod
1381 1939 1425 1999 est

323 2045 432 2117 aptare
454 2031 522 2096 Airi
543 2032 685 2097 fecerunt
707 2045 872 2118 coaptare,
889 2050 952 2095 non
974 2037 1119 2096 veteres.

408 2137 480 2202 622.
504 2156 695 2198 uananrns
719 2155 888 2198 concors
911 2155 1013 2196 sucr.
1036 2132 1190 2199 Marullus
1217 2157 1424 2201 mannans.

322 2234 419 2317 paulo
442 2240 514 2300 ante
536 2261 609 2301 rure
632 2234 810 2317 oblongus,
827 2261 902 2300 earo
926 2234 1119 2318 quadratus.

409 2342 481 2406 624.
516 2337 657 2401 Uarum
696 2360 831 2414 muana
866 2359 1002 2400 c1ncuu
1042 2359 1227 2402 sumnum
1261 2362 1424 2407 ramnus.

321 2437 393 2501 Itali
405 2438 528 2503 Uurnr
541 2462 714 2504 ornemur.
732 2438 790 2504 sed
800 2437 862 2503 hoc
874 2439 952 2504 satis
963 2446 1031 2505 est:
1049 2439 1157 2505 umida
1167 2439 1301 2522 linguae
1312 2445 1427 2530 templa

322 2537 434 2602 eadem
450 2540 601 2606 sudauu'u
616 2542 650 2606 in
664 2563 727 2607 uno
744 2540 920 2622 eodemque
933 2541 1085 2608 orationis
1095 2542 1239 2608 membro
1251 2544 1350 2611 nimis
1364 2567 1427 2611 mo

323 2639 401 2704 leste
423 2640 589 2707 dicuntur.
606 2644 703 2726 longe
726 2643 830 2726 aptius
854 2641 933 2708 haee
950 2645 992 2708 ad
1014 2644 1081 2709 suci
1099 2646 1291 2729 corpuscula
1313 2647 1426 2713 relere-

322 2760 412 2821 muS,
439 2745 554 2810 Umida
579 2748 706 2833 lduyuae‘
724 2749 841 2810 circu-ru
861 2768 1033 2810 mamurra
1056 2748 1191 2833 templu.
1207 2747 1372 2814 Arnobius
1396 2749 1426 2813 in

321 2865 354 2922 11,
370 2863 400 2926 p·
413 2849 455 2913 46
470 2847 637 2913 radiorum
653 2862 680 2915 et
696 2849 775 2912 tucis
793 2849 958 2913 t'utcutc'oue
974 2849 1154 2931 videamus,
1171 2875 1213 2914 cu
1227 2875 1338 2916 rerum
1352 2850 1426 2915 ima-

321 2942 413 3025 gines
429 2947 574 3014 advolent
589 2965 617 3015 et
632 2952 747 3016 uostris
762 2951 797 3013 t‘u
806 2950 942 3035 pupulis
958 2949 1081 3028 sumu
1099 2965 1202 3016 utrum
1217 2975 1317 3037 sapor
1332 2955 1367 3018 e'u
1382 2979 1425 3018 re·

321 3046 377 3110 bus
389 3049 430 3112 sit
441 3075 484 3114 uu
490 3052 600 3136 palati
608 3052 934 3136 coutuyt'out'busfiat.
950 3051 1033 3116 inira
1047 3056 1127 3121 1092
1138 3052 1179 3118 de
1190 3053 1262 3118 cibo
1274 3058 1308 3118 et
1320 3075 1426 3120 umore

322 3149 409 3226 Quae
430 3155 578 3236 quautam
601 3167 701 3218 certus
711 3165 847 3238 possunt
868 3142 1008 3218 adsidere
1024 3156 1153 3240 partas.
1173 3155 1319 3221 Lucilius
1341 3158 1425 3242 apud

320 3250 459 3316 Nonium
475 3260 613 3336 p.458‚8
631 3253 722 3332 Quod
735 3255 767 3316 εί
779 3254 868 3317 uultu
880 3268 982 3339 potest
992 3257 1106 3321 mulier
1121 3270 1186 3322 tuus
1201 3281 1334 3344 corpure
1349 3260 1424 3326 duro

321 3352 421 3442 Esse,
438 3367 540 3418 romeu
556 3368 657 3420 teuero
670 3368 794 3419 marceat
805 3358 883 3440 que'u
896 3354 1067 3442 (librique)
1085 3363 1169 3425 sucu'
1182 3362 1299 3426 lacerto
1311 3363 1355 3427 Et
1365 3387 1423 3428 ma

321 3476 401 3516 uates
416 3456 491 3519 uber
508 3454 594 3539 (libri
609 3481 722 3522 museus
738 3455 843 3540 uberi)
859 3458 993 3523 tactuute'
1005 3462 1039 3523 iu
1053 3463 1175 3526 sumeue
1189 3460 1296 3527 sidat.

407 3559 478 3623 631.
502 3580 638 3622 ormana
662 3580 814 3622 rossus
831 3558 904 3624 Itali
925 3581 1069 3624 Possm.
1243 3544 1247 3554 ¹

406 3661 478 3726 632.
501 3681 544 3722 ΕΤ
568 3683 754 3726 snouncur
777 3684 925 3726 murnum
954 3684 1119 3725 suaviam
1142 3681 1339 3730 annonam.
1362 3668 1422 3732 lla-

320 3760 420 3825 rullus
442 3762 614 3828 humectum
626 3813 634 3846 ,
658 3763 735 3829 satis
757 3763 859 3841 bene,
884 3763 945 3828 nisi
966 3765 1079 3830 melius
1103 3772 1187 3831 esset
1208 3789 1420 3851 umrnunun.

405 3868 477 3932 633.
501 3864 718 3929 Nnucrnns
741 3889 847 3930 rarus
872 3870 1007 3938 cursim
1023 3889 1129 3931 cinus
1153 3890 1420 3952 maurentinus,

319 3964 535 4031 Exrnnrnm.
552 3967 691 4031 Primum
707 3968 757 4034 hio
780 3975 835 4033 aut
849 3969 1030 4055 Eepede'um
1052 3962 1149 4053 super
1171 3978 1239 4053 est,
1255 3981 1314 4039 aut
1334 3991 1368 4042 ut
1383 3979 1420 4042 u'-

320 4064 467 4150 deamus,
484 4074 514 4133 et
537 4068 679 4133 molestis
694 4070 883 4153 ambagibus
905 4071 958 4136 vix
974 4070 1148 4155 explicatur
1171 4075 1272 4140 oratio
1287 4125 1295 4140 .
1313 4077 1421 4144 deinde

319 4167 492 4233 verendum
514 4176 561 4235 ost
583 4190 623 4234 ne
639 4169 720 4236 haec
734 4172 828 4238 nimis
843 4172 980 4238 breviter
991 4174 1155 4240 enuntiata
1177 4177 1260 4257 sint,
1277 4183 1341 4266 qui
1352 4183 1420 4246 atu

319 4268 404 4332 clius
426 4272 512 4334 cibus
534 4273 596 4335 se't:
612 4276 695 4337 certe
717 4274 750 4338 in
766 4298 806 4359 vr,
822 4281 903 4354 773,
920 4274 975 4341 ubi
998 4296 1057 4340 nos
1080 4275 1121 4339 ad
1144 4277 1227 4342 hunc
1248 4278 1357 4346 locum
1373 4289 1421 4347 're-

319 4367 429 4452 mittit,
445 4371 543 4436 multo
559 4373 684 4455 plenius
706 4375 785 4441 dixit
806 4379 849 4442 Et
869 4381 972 4464 maye‘s
995 4403 1060 4444 esse
1082 4381 1158 4446 alie's
1180 4384 1265 4447 atius
1280 4389 1421 4452 uuiuscu-

318 4471 400 4536 te'bus
423 4487 515 4558 uptus
537 4474 601 4538 Res
624 4477 669 4540 cd
688 4480 770 4543 uitue'
788 4481 940 4545 ructuant
956 4481 1146 4547 ostendimus
1168 4498 1259 4550 cute.
1276 4487 1420 4552 manifes-

317 4577 384 4636 tum
407 4579 454 4637 est
476 4574 600 4658 utrique
621 4577 696 4643 vitio
719 4581 1035 4664 unameandemque
1057 4584 1249 4650 medicinam
1270 4591 1420 4656 abhiben-

319 4671 393 4741 dam
414 4694 507 4743 esse:
523 4697 583 4749 nec
604 4680 680 4747 mihi
702 4680 827 4750 videtur
850 4683 1020 4772 quicquam
1041 4686 1177 4755 inveniri
1198 4709 1320 4777 posse,
1341 4689 1419 4781 quod
