3509 5442
867 535 896 600 V
1370 546 1434 610 300

319 728 366 784 111,
382 708 465 775 155.
481 723 563 788 ego,
580 704 731 785 quoniam
747 703 861 769 Latina
874 705 974 769 rerba
989 711 1064 770 sunt
1078 708 1194 772 erlehe·
1200 711 1327 794 praebet
1335 711 1431 796 profl-

320 809 403 872 εἰδοί
423 808 619 871 commobear·
641 809 787 871 nancisei
806 809 988 893 eepeqqe'eei
1010 810 1116 892 episee'
1134 810 1305 894 implreioei
1313 812 1435 896 fetrhei

320 909 471 994 desetr’sei
480 908 631 993 frunisci
638 958 646 990 ,
663 907 704 973 de
720 910 860 973 aborisci
871 908 1045 992 expectabo
1069 909 1217 974 iudicium
1234 909 1429 976 doctiorum.

412 1014 482 1079 736.
506 1008 650 1074 Oamnu
679 1033 751 1074 cun
779 1033 851 1075 suu
879 1033 998 1075 carre
1030 1033 1153 1076 uorsa
1181 1034 1335 1077 sennar.
1357 1014 1430 1079 Itali

320 1139 392 1177 eom
408 1112 539 1196 videam
554 1110 641 1193 quod
662 1111 765 1194 ipsum
780 1112 955 1177 Brixiensis
975 1111 1076 1176 editor
1091 1113 1268 1196 exprimere
1289 1114 1428 1181 voluisse

319 1213 467 1292 ridetur,
484 1233 555 1278 oum
577 1212 665 1279 dedit
686 1240 756 1279 cero
778 1217 875 1279 vitam
897 1229 998 1280 certo.
1022 1213 1081 1280 sed
1102 1214 1208 1296 potius
1230 1222 1278 1282 est
1299 1221 1335 1280 ut
1355 1224 1428 1300 pott-

319 1321 385 1379 tam
414 1315 519 1398 ipsum
547 1335 736 1398 sequamur,
758 1316 813 1399 qui
839 1315 918 1381 dixit
943 1318 1040 1400 paulo
1067 1322 1141 1401 post
1161 1322 1223 1387 750
1254 1319 1331 1385 Cam
1348 1319 1432 1404 fleri

319 1439 476 1481 rossrns
500 1432 564 1485 tem
586 1434 667 1485 certo
690 1433 825 1506 tempore
847 1418 967 1484 mette.

410 1524 484 1588 737.
506 1521 544 1583 lr
558 1542 631 1583 vua
645 1542 688 1583 ur
704 1543 819 1584 vanus
833 1571 840 1599 ,
856 1543 901 1583 ar
917 1541 1074 1583 vaurms
1089 1542 1318 1587 ruauuurrus
1333 1544 1427 1588 nuru

318 1625 516 1686 Passurus
540 1643 729 1686 ennomus
751 1645 911 1686 znrnrnr
934 1644 1110 1685 vnsrreru
1132 1645 1317 1690 prorsas.
1341 1626 1427 1704 Qua-

319 1724 431 1789 dratus
464 1726 591 1811 aeppri.
613 1723 714 1790 sibilis
739 1724 828 1809 digni
860 1731 934 1790 sunt
961 1723 1015 1804 qui
1047 1723 1127 1788 haee
1159 1729 1320 1807 tamquam
1354 1721 1424 1809 pul-

319 1826 477 1893 eherrima
499 1824 712 1889 admirantur.
733 1824 782 1891 his
808 1826 916 1892 neseio
945 1826 1016 1908 quis
1035 1841 1192 1912 parenetes
1213 1831 1427 1914 praenunties

325 1931 456 1995 Veneris
471 1928 526 2013 (ex
539 1928 691 1991 Amorum
707 1947 825 2010 grege,
842 1934 876 1992 ut
891 1928 993 2013 aiunt)
1005 1943 1136 2014 prepter
1151 1931 1283 2016 zephyri
1294 1931 1427 2016 vestiqe'e

317 2029 447 2114 praeire
460 2049 518 2094 ver
540 2035 572 2093 et
586 2031 742 2094 Venerem
757 2028 902 2107 videtur,
919 2028 980 2094 hoe
995 2036 1063 2107 est,
1079 2029 1140 2094 nisi
1155 2028 1270 2107 fallor,
1287 2049 1426 2113 aequare

318 2130 470 2216 passibus
498 2129 696 2211 gradientem
723 2130 916 2214 zephyrum3
940 2151 1022 2212 quae
1048 2131 1075 2196 si
1101 2138 1156 2195 aut
1182 2151 1202 2194 a
1224 2131 1426 2214 pantomimis

318 2238 373 2298 aut
395 2252 415 2296 a
437 2231 609 2314 pioteribus
627 2238 925 2317 repraesententur,
940 2252 1005 2297 non
1027 2233 1112 2299 veris
1135 2232 1192 2297 sed
1214 2232 1347 2298 Veneris
1370 2232 1426 2296 ad-

318 2339 449 2400 ventum
471 2333 626 2398 referent.
646 2334 755 2417 itaque
777 2334 940 2400 Bentleius
962 2335 1125 2400 verissime
1147 2336 1178 2398 It
1199 2360 1253 2399 oe·
1275 2348 1303 2399 et
1324 2337 1425 2399 Venae

319 2450 346 2501 et
368 2457 477 2498 vsurs
495 2438 722 2522 praenunties,
739 2437 876 2518 itemque
900 2435 954 2500 diu
977 2443 1049 2501 ante
1073 2457 1143 2501 eum
1157 2435 1313 2501 Marullus
1327 2434 1426 2500 veris·

318 2536 398 2600 sime
424 2539 633 2622 preeaeatr'es
662 2551 733 2603 erate
761 2541 923 2603 Panaretus
947 2538 1098 2624 ‚ereditur
1127 2559 1339 2601 1111111115.
1364 2535 1425 2601 hos

317 2643 427 2703 autem
452 2658 536 2721 pone
565 2639 763 2721 subsequens
790 2642 887 2704 Flora
913 2645 1014 2703 mater
1042 2638 1174 2703 floribus
1200 2643 1329 2721 propter
1350 2657 1425 2701 eun-

317 2739 396 2803 tium
418 2738 518 2823 pedes
539 2742 738 2825 praesparsis
760 2748 857 2806 totam
879 2741 962 2806 viam
986 2741 1116 2825 opplere
1137 2739 1285 2821 fingitur.

408 2845 479 2908 742.
502 2843 750 2907 Punvenunsu
788 2865 900 2905 cenas
929 2865 1058 2905 erasm
1093 2863 1233 2905 ennean
1268 2861 1425 2911 tourno-

317 2966 413 3008 suu.
443 2942 609 3008 (terrester
635 2944 786 3025 oblongi,
812 2944 888 3007 item
915 2943 1070 3008 Antonius
1093 2943 1184 3008 Man'i
1214 2949 1244 3008 et
1269 2941 1345 3006 olim
1367 2941 1425 3005 im·

318 3044 442 3129 pressi,
464 3045 541 3109 mire
572 3047 760 3112 Polleereet
786 3071 917 3111 aceres.
945 3044 1098 3109 Marullus
1131 3033 1424 3109 runvunuhanrn

319 3149 413 3214 Ceres
435 3168 478 3209 us
502 3149 616 3212 etesia.

407 3252 479 3316 743.
503 3270 639 3312 auarus
654 3251 728 3312 sui
743 3298 750 3312 .
767 3252 891 3315 Eubius
907 3250 1085 3332 oblongus,
1102 3247 1277 3331 quadratus
1292 3250 1403 3313 aoeies
1416 3297 1423 3311 .

319 3357 385 3414 tum
401 3348 486 3415 idem
509 3353 588 3427 aed,
605 3350 764 3432 oblongus
787 3377 894 3417 eeeern
911 3350 975 3416 ein
991 3378 1011 3415 e
1027 3356 1167 3428 mutato,
1183 3376 1293 3416 eeeem
1307 3398 1314 3413 .
1329 3348 1425 3414 inter-

317 3451 587 3536 adspirationem,
604 3472 699 3533 quam
721 3453 755 3517 in
778 3448 856 3520 εὐᾶν
877 3453 1074 3533 grammatici
1091 3453 1205 3519 Graeci
1227 3458 1423 3536 agnoscunt,

318 3555 521 3621 membranae
537 3560 664 3618 nestrae
686 3555 719 3618 in
735 3555 794 3620 hoo
817 3575 881 3619 non
901 3555 1039 3620 habent.
1055 3555 1098 3618 ad
1112 3554 1235 3619 Horatii
1251 3554 1425 3620 emminum

316 3657 434 3724 librum
450 3678 482 3732 11,
498 3659 556 3732 11,
573 3655 627 3719 ubi
642 3655 903 3738 Venderburgius
926 3664 958 3722 et
973 3655 1110 3721 Orellius
1125 3663 1249 3734 tacent,
1266 3655 1424 3738 (truquius

316 3759 382 3824 ita.
398 3759 528 3823 ‘Motae
545 3756 590 3849 sie
611 3758 718 3823 inveni
732 3759 765 3823 in
780 3757 892 3822 Bland.
909 3758 1066 3822 vetustiss.
1084 3757 1143 3822 sed
1156 3777 1177 3821 a
1192 3758 1290 3823 seiolo
1313 3776 1424 3838 supra-

316 3858 426 3944 posita*
436 3864 514 3924 nota
528 3859 750 3943 aspirationis.
768 3861 822 3925 alii
845 3879 957 3924 omnes
979 3859 1098 3923 habent
1112 3858 1266 3923 Euhies'.
1282 3857 1315 3920 in
1333 3857 1423 3921 Iuve-

316 3960 401 4027 nalis
416 3959 833 4039 satirav11‚62Pith0eanus
845 3977 935 4027 setar
951 3976 995 4025 est
1009 3986 1077 4024 eem
1090 3960 1167 4024 dicit
1179 3960 1308 4025 Oretieo
1320 3961 1422 4024 euhoe.

317 4066 443 4130 Milies
454 4065 596 4129 10111013
603 4066 740 4129 Eecbebo
753 4063 948 4148 exemplaria
957 4062 1153 4128 Columellae
1164 4085 1195 4140 x,
1203 4066 1275 4145 424,
1289 4064 1382 4127 euhoe
1394 4065 1425 4124 et

318 4164 964 4249 1011111901111111011111111111214,11011111
978 4165 1012 4229 in
1026 4183 1122 4229 versu
1133 4163 1326 4229 Maecenatis
1338 4162 1424 4248 apud

316 4267 501 4334 Putsehium
521 4289 551 4350 p.
565 4272 669 4345 2694,
690 4270 808 4333 Aeneis
835 4268 978 4332 Medieea
1004 4267 1084 4331 libro
1100 4288 1142 4344 vr,
1154 4271 1215 4334 517
1240 4268 1423 4343 eobeetbio,

316 4369 515 4454 Porphyrius
536 4369 569 4432 in
592 4369 748 4453 Syringe,
770 4369 899 4434 definito
922 4369 1094 4435 litterarum
1116 4389 1269 4445 numero,
1289 4372 1423 4434 heaven-

317 4487 384 4555 teo,·
400 4471 516 4553 quihus
532 4471 693 4536 simillima
708 4478 781 4536 sunt
796 4491 879 4553 quae
893 4473 927 4536 in
942 4471 1032 4536 Pauli
1048 4471 1090 4535 ad
1104 4471 1326 4555 Philippenses
1342 4469 1423 4552 epis-

317 4574 384 4638 tula
399 4577 475 4652 1v,2
490 4573 609 4639 hahent
622 4573 696 4637 libri
711 4571 816 4636 Latini
834 4573 1064 4656 antiquissimi,
1081 4575 1259 4639 Ereboob‘em
1275 4577 1306 4635 et
1321 4572 1422 4635 ane-

318 4676 426 4741 diem.
442 4675 507 4740 alia
518 4674 700 4761 Wagnerus
712 4672 941 4741 demonstravit
953 4673 987 4738 in
1002 4673 1229 4768 orthographia
1239 4670 1424 4763 Vergiliana
