3509 5442
791 565 819 629 V
1292 569 1356 634 299

240 729 623 816 -posu'ut,in1v,641
646 735 876 799 coturnicibus.
894 753 965 799 cum
985 732 1141 815 quadrato
1165 734 1302 800 concinit
1322 734 1356 800 in

242 834 349 899 11245
371 831 534 898 uideamus
556 830 643 897 etin
658 855 701 911 v1,
714 838 775 903 725
798 836 941 920 opilare:
963 833 1020 899 sed
1042 853 1152 900 versus
1174 834 1246 901 libri
1261 858 1281 897 v
1293 841 1355 904 952

242 931 278 995 in
302 930 461 1013 quadrato
487 939 537 1000 est
563 934 645 1000 inter
666 940 756 999 extra
781 935 890 1012 clusa,
917 953 1022 1016 neque
1049 934 1124 999 mihi
1146 936 1356 1019 improbabile

243 1032 377 1098 videtur
402 1033 473 1117 ipso
501 1035 647 1101 codicum
676 1041 856 1101 nostrorum
883 1034 1056 1120 archetypo
1083 1057 1176 1101 usum
1203 1056 1273 1103 esse
1301 1037 1356 1119 qui

243 1133 330 1200 haee
357 1141 506 1219 excerpta
533 1136 692 1215 confecit,
719 1137 773 1219 qui
800 1158 865 1202 non
899 1136 957 1200 fuit
991 1137 1109 1202 codicis
1136 1137 1356 1218 Sangallensis

246 1236 409 1319 scriptor.
425 1236 538 1302 horum
553 1243 771 1320 excerptorum
795 1237 871 1302 mihi
888 1238 1013 1321 copiam
1034 1238 1109 1303 fecit
1124 1238 1197 1304 Otto
1209 1239 1355 1304 Iahnius.

246 1338 333 1403 Mica
359 1338 553 1405 Genlalanus
574 1339 690 1417 levita,
714 1339 869 1420 quivixit
892 1338 1004 1404 eodem
1031 1341 1159 1405 saeculo
1185 1360 1270 1405 nono
1291 1339 1358 1404 ine-

248 1444 348 1524 unte,
369 1439 404 1504 in
425 1438 568 1505 libellum
594 1461 657 1522 quo
681 1442 828 1524 exempla
851 1441 1034 1522 quantitatis
1059 1442 1285 1507 vocabulorum
1308 1462 1359 1506 or-

248 1539 325 1606 dine
348 1541 549 1624 alphabetico
573 1541 722 1624 collegit,
737 1546 802 1606 tres
816 1542 955 1608 Lucretii
978 1563 1089 1608 versus
1111 1562 1129 1608 e
1151 1546 1232 1609 libro
1248 1568 1281 1623 11,
1294 1550 1355 1612 447

251 1647 313 1711 128
329 1647 395 1712 365
417 1643 572 1709 coniecit:
590 1643 624 1708 in
647 1642 715 1708 eius
737 1642 837 1707 libelli
860 1644 970 1709 codice
991 1645 1265 1718 Halberstadiensi
1288 1665 1359 1710 sae·

250 1744 323 1809 culo
354 1744 446 1809 tertio
475 1745 597 1811 decimo
617 1744 754 1827 scripto,
782 1764 876 1825 quem
904 1745 980 1809 mihi
1007 1746 1178 1812 Mauricius
1199 1747 1358 1829 Hauptius

250 1844 412 1924 ostendit,
437 1846 587 1930 scriptum
617 1851 666 1912 est
695 1851 730 1910 ul
756 1845 850 1912 debet
867 1849 1036 1912 *Deriuare
1069 1863 1201 1932 queunt,
1218 1852 1358 1914 culmum

250 1972 393 2033 utruque
420 1949 542 2031 leuare,
564 1969 636 2014 cum
658 1945 832 2030 quadratus
860 1947 976 2012 habeat
1001 1951 1154 2016 Diu'uure
1166 1999 1175 2031 ,
1199 1950 1358 2031 oblongus

249 2069 280 2113 a·
292 2053 472 2114 conectere
493 2053 651 2137 curaque.

337 2155 413 2219 563.
458 2149 676 2218 Gomuucrs
709 2173 868 2215 rannus.
907 2151 979 2215 Itali
1012 2157 1044 2215 et
1074 2153 1229 2218 Marullus
1262 2154 1358 2219 Gou-

252 2274 436 2318 1uucrus.

338 2359 414 2423 566.
435 2377 542 2419 lcuns
556 2378 694 2421 numus
709 2376 873 2420 cossurus
891 2355 1106 2420 Antronas.
1123 2357 1273 2421 Adlioere
1288 2375 1359 2420 cum

252 2457 294 2523 sit
308 2458 413 2522 iuctuc'
422 2456 477 2522 vel
490 2457 632 2523 adiectu·
643 2457 854 2536 contrarium,
870 2457 963 2522 unice
978 2476 1086 2522 verum
1102 2463 1151 2522 est
1166 2458 1252 2540 quod
1266 2459 1361 2522 Lam-

252 2558 350 2623 binus
371 2557 479 2641 posuit
500 2557 637 2644 (urbane
653 2557 808 2642 Forbiger
829 2578 869 2624 ex
885 2558 954 2622 eius
968 2558 1098 2640 iugenio
1110 2560 1250 2643 fluutue
1270 2556 1359 2640 dicit)
1414 2610 1418 2618 .

253 2660 425 2741 Adiu’cem,
446 2658 508 2725 nisi
535 2660 622 2742 quod
647 2664 702 2724 aut
730 2667 882 2727 consueto
908 2665 1050 2724 veterum
1077 2679 1165 2723 more
1192 2659 1360 2723 Aaronem

254 2760 462 2826 scribendum
484 2769 551 2842 est,
570 2767 626 2826 aut
646 2763 751 2828 minus
773 2762 918 2844 vulgari,
942 2760 982 2825 de
1005 2781 1067 2842 quo
1094 2760 1160 2825 dixi
1181 2759 1224 2825 ad
1245 2760 1360 2824 librum

253 2885 288 2945 11,
301 2866 364 2931 951
378 2911 387 2941 ,
403 2862 576 2930 Adiecere.

342 2968 416 3032 568·
438 2965 552 3030 NIHIL
574 2988 648 3029 MISI
669 2989 916 3033 INTERVALLIS
944 2990 991 3030 DE
1014 2987 1181 3030 CORPORE
1203 2984 1360 3027 LIBRANT

254 3065 514 3132 Festinamus.
530 3067 688 3133 Antonius
702 3071 793 3134 Marii
808 3073 928 3157 Nthue
942 3072 1010 3134 uui
1030 3094 1069 3134 eu
1084 3069 1281 3142 intervallos,
1298 3084 1360 3146 quo

255 3169 341 3233 male
362 3167 496 3250 probato
519 3168 612 3254 (nihil
635 3171 717 3234 enim
740 3172 782 3236 ad
804 3172 990 3237 sententiam
1013 3168 1103 3254 lacit)
1126 3167 1280 3232 Marullus
1294 3185 1364 3230 rec-

255 3269 380 3336 tissime
410 3269 536 3353 scripsit
568 3293 720 3336 nmnur.
746 3274 929 3354 Naugerius
962 3275 1022 3338 Nil
1053 3274 1133 3357 ipu‘s
1166 3270 1342 3335 iuteruullis

255 3369 432 3436 Lambinus
460 3371 526 3436 lllu
547 3376 621 3459 apsa
642 3367 811 3440 interualla
836 3377 937 3456 ullll,
959 3372 1105 3439 Gifanius
1126 3374 1186 3437 Nil
1206 3374 1293 3436 uisus
1315 3373 1363 3435 iu-
1451 3412 1457 3424 .

256 3473 415 3555 seualle,
429 3472 647 3540 Wakefieldus
658 3478 752 3541 Ntlu'l
764 3480 837 3562 ipsu
849 3477 1018 3542 intervalla
1032 3478 1067 3539 iu
1081 3478 1145 3555 sis,
1161 3471 1363 3538 Eiehstadius

256 3576 317 3641 Nil
344 3577 461 3640 miseus
486 3579 700 3643 icitemalleia.
726 3578 838 3641 horum
865 3577 943 3642 nihil
971 3597 1080 3642 verum
1110 3595 1182 3640 esse
1211 3580 1362 3658 apparet:

255 3673 518 3742 Eichstadianum
546 3677 579 3742 in
604 3679 714 3762 primis
741 3679 885 3744 mirabile
908 3685 975 3754 est,
996 3697 1059 3759 quo
1089 3677 1180 3759 ipsae
1204 3675 1364 3740 radiorum

257 3777 446 3843 emissiones
473 3783 560 3844 tanto
584 3781 751 3846 intervallo
774 3780 880 3845 factae
907 3778 984 3842 nihil
1011 3778 1052 3842 de
1074 3776 1272 3841 flammarum
1296 3795 1365 3840 cor-

255 3899 337 3964 pore
352 3877 546 3947 decorticare
567 3882 733 3947 dicuntm:
749 3881 896 3967 probavit
917 3880 1001 3944 enim
1016 3881 1152 3959 librum,
1169 3897 1233 3941 non
1249 3879 1363 3942 libum.

256 3981 336 4046 mihi
364 3981 442 4063 quid
463 3983 629 4049 Lucretius
656 3982 782 4049 dederit
810 3990 895 4047 certo
922 3981 985 4047 dici
1012 3998 1108 4063 posse
1134 3998 1198 4042 non
1219 3977 1363 4043 videtur:

257 4082 318 4149 sed
350 4083 500 4165 quoniam
528 4089 642 4172 epatius
668 4087 728 4151 hoc
756 4084 1012 4150 commodissime
1040 4078 1231 4147 adscribitur
1257 4086 1290 4145 ut
1325 4080 1365 4146 de

256 4185 381 4268 ignium
409 4205 542 4270 corpore
570 4194 625 4252 aut
646 4186 768 4269 aliquid
790 4191 845 4251 aut
872 4186 951 4250 nihil
976 4186 1077 4250 libent
1103 4182 1292 4261 demantve,
1309 4204 1365 4267 po-

256 4293 320 4353 test
342 4289 420 4353 satis
441 4294 516 4372 apte
538 4287 642 4353 hiatus
669 4289 714 4353 ita
736 4287 875 4371 expleri,
897 4289 957 4351 Nil
977 4309 1023 4349 ss
1049 4309 1083 4349 m
1106 4308 1165 4348 ms
1188 4288 1353 4352 interualli

257 4392 296 4457 de
319 4415 449 4478 corpore
471 4393 570 4456 libum
591 4392 831 4456 Flammarum.

346 4497 420 4560 570.
442 4498 517 4562 sil.
539 4495 778 4557 Prsvmmm
794 4512 956 4556 uesanos
978 4514 1024 4555 an
1041 4514 1195 4570 seusus,
1211 4513 1255 4553 ar
1270 4511 1364 4554 noca

257 4617 449 4661 rumonus.
472 4597 563 4662 Haec
591 4595 757 4678 quianon
790 4593 832 4657 ad
864 4594 972 4658 lumen
994 4593 1095 4677 solis,
1118 4592 1178 4658 sed
1210 4592 1252 4656 ad
1281 4592 1364 4656 culc-

256 4723 327 4767 rem
361 4699 527 4787 lumenque
550 4699 725 4786 pru‘ueum
749 4700 917 4782 spectant,
951 4715 1017 4763 non
1048 4693 1231 4774 sufficiunt3
1261 4710 1366 4776 neque
