<?xml version="1.0" encoding="UTF-8"?>
<!DOCTYPE html PUBLIC "-//W3C//DTD XHTML 1.0 Transitional//EN"
    "http://www.w3.org/TR/xhtml1/DTD/xhtml1-transitional.dtd">
<html xmlns="http://www.w3.org/1999/xhtml" xml:lang="en" lang="en">
 <head>
  <title>
</title>
<meta http-equiv="Content-Type" content="text/html;charset=utf-8" />
  <meta name='ocr-system' content='tesseract 3.04.00' />
  <meta name='ocr-capabilities' content='ocr_page ocr_carea ocr_par ocr_line ocrx_word'/>
</head>
<body>
  <div class='ocr_page' id='page_1' title='image "./carolilachmanni00lachgoog_0373.png"; bbox 0 0 3509 5442; ppageno 0'>
   <div class='ocr_carea' id='block_1_1' title="bbox 316 541 897 648">
    <p class='ocr_par' dir='ltr' id='par_1_1' title="bbox 316 541 897 648">
     <span class='ocr_line' id='line_1_1' title="bbox 316 541 897 648; baseline -0.01 -35"><span class='ocrx_word' id='word_1_1' title='bbox 316 548 379 613; x_wconf 79' lang='grc'>666</span> <span class='ocrx_word' id='word_1_2' title='bbox 681 541 897 648; x_wconf 80' lang='grc' dir='ltr'>Ι66</span> 
     </span>
    </p>
   </div>
   <div class='ocr_carea' id='block_1_2' title="bbox 318 704 1429 4652">
    <p class='ocr_par' dir='ltr' id='par_1_2' title="bbox 318 704 1421 1003">
     <span class='ocr_line' id='line_1_2' title="bbox 369 704 1421 780; baseline 0.001 -7"><span class='ocrx_word' id='word_1_3' title='bbox 369 704 377 721; x_wconf 80' lang='grc'><strong><em>’</em></strong></span> <span class='ocrx_word' id='word_1_4' title='bbox 403 716 474 780; x_wconf 89' lang='lat'><strong>336.</strong></span> <span class='ocrx_word' id='word_1_5' title='bbox 499 733 571 774; x_wconf 82' lang='lat' dir='ltr'>cun</span> <span class='ocrx_word' id='word_1_6' title='bbox 594 732 750 775; x_wconf 79' lang='lat' dir='ltr'>nnnsssr</span> <span class='ocrx_word' id='word_1_7' title='bbox 772 732 911 773; x_wconf 71' lang='grc'>666666</span> <span class='ocrx_word' id='word_1_8' title='bbox 934 731 1056 775; x_wconf 75' lang='lat' dir='ltr'>veno.</span> <span class='ocrx_word' id='word_1_9' title='bbox 1080 711 1149 777; x_wconf 91' lang='lat' dir='ltr'>Hoc</span> <span class='ocrx_word' id='word_1_10' title='bbox 1177 717 1228 777; x_wconf 87' lang='lat' dir='ltr'>est</span> <span class='ocrx_word' id='word_1_11' title='bbox 1251 737 1324 777; x_wconf 86' lang='lat' dir='ltr'>cnm</span> <span class='ocrx_word' id='word_1_12' title='bbox 1346 734 1421 774; x_wconf 79' lang='lat' dir='ltr'>nns-</span> 
     </span>
     <span class='ocr_line' id='line_1_3' title="bbox 318 812 1420 899; baseline 0 -22"><span class='ocrx_word' id='word_1_13' title='bbox 318 836 408 877; x_wconf 74' lang='grc'>6666</span> <span class='ocrx_word' id='word_1_14' title='bbox 431 813 542 878; x_wconf 85' lang='lat' dir='ltr'>addite</span> <span class='ocrx_word' id='word_1_15' title='bbox 553 863 561 895; x_wconf 89' lang='lat'>,</span> <span class='ocrx_word' id='word_1_16' title='bbox 578 820 612 877; x_wconf 90' lang='lat' dir='ltr'>ut</span> <span class='ocrx_word' id='word_1_17' title='bbox 625 833 720 879; x_wconf 88' lang='lat' dir='ltr'>versu</span> <span class='ocrx_word' id='word_1_18' title='bbox 732 818 794 881; x_wconf 88' lang='grc'>246</span> <span class='ocrx_word' id='word_1_19' title='bbox 811 817 842 876; x_wconf 88' lang='lat' dir='ltr'>et</span> <span class='ocrx_word' id='word_1_20' title='bbox 857 817 919 881; x_wconf 92' lang='grc'>262</span> <span class='ocrx_word' id='word_1_21' title='bbox 943 812 1103 896; x_wconf 80' lang='lat' dir='ltr'>oblongus</span> <span class='ocrx_word' id='word_1_22' title='bbox 1124 814 1229 897; x_wconf 87' lang='lat' dir='ltr'>prima</span> <span class='ocrx_word' id='word_1_23' title='bbox 1252 833 1350 878; x_wconf 83' lang='lat' dir='ltr'>manu</span> <span class='ocrx_word' id='word_1_24' title='bbox 1368 839 1420 899; x_wconf 81' lang='lat' dir='ltr'>pn-</span> 
     </span>
     <span class='ocr_line' id='line_1_4' title="bbox 318 913 1255 1003; baseline -0.001 -22"><span class='ocrx_word' id='word_1_25' title='bbox 318 917 499 982; x_wconf 82' lang='lat' dir='ltr'>tandnrnei.</span> <span class='ocrx_word' id='word_1_26' title='bbox 522 913 669 998; x_wconf 78' lang='lat' dir='ltr'>impressi</span> <span class='ocrx_word' id='word_1_27' title='bbox 692 931 803 979; x_wconf 87' lang='lat' dir='ltr'>omnes</span> <span class='ocrx_word' id='word_1_28' title='bbox 826 914 954 981; x_wconf 82' lang='lat' dir='ltr'>soloeoe</span> <span class='ocrx_word' id='word_1_29' title='bbox 977 941 1046 980; x_wconf 85' lang='lat' dir='ltr'>enm</span> <span class='ocrx_word' id='word_1_30' title='bbox 1062 917 1169 1003; x_wconf 67' lang='lat' dir='ltr'>playa</span> <span class='ocrx_word' id='word_1_31' title='bbox 1191 921 1255 982; x_wconf 75' lang='lat' dir='ltr'>sir.</span> 
     </span>
    </p>

    <p class='ocr_par' dir='ltr' id='par_1_3' title="bbox 404 1015 1418 1106">
     <span class='ocr_line' id='line_1_5' title="bbox 404 1015 1418 1106; baseline -0.005 -21"><span class='ocrx_word' id='word_1_32' title='bbox 404 1021 476 1085; x_wconf 91' lang='grc'><strong>339.</strong></span> <span class='ocrx_word' id='word_1_33' title='bbox 499 1038 630 1080; x_wconf 78' lang='grc'>666666</span> <span class='ocrx_word' id='word_1_34' title='bbox 641 1065 647 1079; x_wconf 93' lang='grc'><strong>.</strong></span> <span class='ocrx_word' id='word_1_35' title='bbox 660 1015 756 1100; x_wconf 89' lang='lat' dir='ltr'><strong>Apud</strong></span> <span class='ocrx_word' id='word_1_36' title='bbox 768 1017 907 1081; x_wconf 88' lang='lat' dir='ltr'>Nonium</span> <span class='ocrx_word' id='word_1_37' title='bbox 922 1039 952 1102; x_wconf 90' lang='lat' dir='ltr'>p.</span> <span class='ocrx_word' id='word_1_38' title='bbox 960 1023 1033 1102; x_wconf 84' lang='grc'><strong>482,</strong></span> <span class='ocrx_word' id='word_1_39' title='bbox 1046 1023 1088 1088; x_wconf 90' lang='grc'>25</span> <span class='ocrx_word' id='word_1_40' title='bbox 1101 1018 1212 1106; x_wconf 73' lang='lat' dir='ltr'>plodio</span> <span class='ocrx_word' id='word_1_41' title='bbox 1226 1018 1277 1083; x_wconf 89' lang='lat' dir='ltr'>vel</span> <span class='ocrx_word' id='word_1_42' title='bbox 1288 1018 1418 1104; x_wconf 62' lang='lat' dir='ltr'>perdid.</span> 
     </span>
    </p>

    <p class='ocr_par' dir='ltr' id='par_1_4' title="bbox 318 1118 1420 1305">
     <span class='ocr_line' id='line_1_6' title="bbox 403 1118 1420 1204; baseline -0.006 -17"><span class='ocrx_word' id='word_1_43' title='bbox 403 1125 475 1187; x_wconf 82' lang='grc'><strong>344.</strong></span> <span class='ocrx_word' id='word_1_44' title='bbox 499 1120 525 1183; x_wconf 85' lang='grc' dir='ltr'>Ε</span> <span class='ocrx_word' id='word_1_45' title='bbox 537 1140 727 1182; x_wconf 79' lang='grc'>66666666</span> <span class='ocrx_word' id='word_1_46' title='bbox 738 1139 861 1182; x_wconf 79' lang='lat' dir='ltr'>socuu</span> <span class='ocrx_word' id='word_1_47' title='bbox 874 1168 881 1182; x_wconf 91' lang='lat'><strong>.</strong></span> <span class='ocrx_word' id='word_1_48' title='bbox 894 1119 1062 1200; x_wconf 84' lang='lat' dir='ltr'>Oblcngus</span> <span class='ocrx_word' id='word_1_49' title='bbox 1074 1169 1082 1204; x_wconf 89' lang='lat'>,</span> <span class='ocrx_word' id='word_1_50' title='bbox 1096 1119 1147 1186; x_wconf 89' lang='lat' dir='ltr'>cui</span> <span class='ocrx_word' id='word_1_51' title='bbox 1160 1119 1274 1186; x_wconf 85' lang='lat' dir='ltr'>deerat</span> <span class='ocrx_word' id='word_1_52' title='bbox 1284 1121 1319 1185; x_wconf 84' lang='grc' dir='ltr'><em>Ε</em></span> <span class='ocrx_word' id='word_1_53' title='bbox 1326 1118 1420 1203; x_wconf 86' lang='lat' dir='ltr'>prima</span> 
     </span>
     <span class='ocr_line' id='line_1_7' title="bbox 318 1222 933 1305; baseline 0 -20"><span class='ocrx_word' id='word_1_54' title='bbox 318 1241 435 1305; x_wconf 84' lang='lat' dir='ltr'>manu,</span> <span class='ocrx_word' id='word_1_55' title='bbox 459 1241 479 1285; x_wconf 88' lang='lat' dir='ltr'>a</span> <span class='ocrx_word' id='word_1_56' title='bbox 501 1227 678 1286; x_wconf 88' lang='lat' dir='ltr'>correctore</span> <span class='ocrx_word' id='word_1_57' title='bbox 700 1222 734 1286; x_wconf 85' lang='lat' dir='ltr'><em>E</em></span> <span class='ocrx_word' id='word_1_58' title='bbox 752 1243 933 1285; x_wconf 76' lang='grc'>6666666.</span> 
     </span>
    </p>

    <p class='ocr_par' dir='ltr' id='par_1_5' title="bbox 405 1323 1277 1405">
     <span class='ocr_line' id='line_1_8' title="bbox 405 1323 1277 1405; baseline 0.003 -19"><span class='ocrx_word' id='word_1_59' title='bbox 405 1329 477 1392; x_wconf 86' lang='grc'>346.</span> <span class='ocrx_word' id='word_1_60' title='bbox 501 1346 646 1386; x_wconf 68' lang='lat' dir='ltr'>resurr</span> <span class='ocrx_word' id='word_1_61' title='bbox 670 1345 788 1386; x_wconf 81' lang='grc'>6666.</span> <span class='ocrx_word' id='word_1_62' title='bbox 813 1323 980 1389; x_wconf 81' lang='lat' dir='ltr'>Corrector</span> <span class='ocrx_word' id='word_1_63' title='bbox 1004 1323 1136 1405; x_wconf 78' lang='lat' dir='ltr'>oblongi</span> <span class='ocrx_word' id='word_1_64' title='bbox 1157 1347 1277 1389; x_wconf 79' lang='lat' dir='ltr'>sunu.</span> 
     </span>
    </p>

    <p class='ocr_par' dir='ltr' id='par_1_6' title="bbox 319 1424 1421 1796">
     <span class='ocr_line' id='line_1_9' title="bbox 405 1424 1419 1509; baseline -0.003 -18"><span class='ocrx_word' id='word_1_65' title='bbox 405 1428 478 1491; x_wconf 79' lang='lat'><strong>347.</strong></span> <span class='ocrx_word' id='word_1_66' title='bbox 509 1447 719 1488; x_wconf 82' lang='lat' dir='ltr'>mcnununr</span> <span class='ocrx_word' id='word_1_67' title='bbox 746 1447 1030 1489; x_wconf 76' lang='lat' dir='ltr'>nonrnrrnrsn.</span> <span class='ocrx_word' id='word_1_68' title='bbox 1061 1424 1229 1509; x_wconf 83' lang='lat' dir='ltr'>Oblongus</span> <span class='ocrx_word' id='word_1_69' title='bbox 1258 1425 1419 1493; x_wconf 80' lang='lat' dir='ltr'>incedunt:</span> 
     </span>
     <span class='ocr_line' id='line_1_10' title="bbox 320 1526 1421 1612; baseline -0.002 -19"><span class='ocrx_word' id='word_1_70' title='bbox 320 1526 378 1593; x_wconf 86' lang='lat' dir='ltr'>sed</span> <span class='ocrx_word' id='word_1_71' title='bbox 399 1532 484 1591; x_wconf 87' lang='lat' dir='ltr'>recte</span> <span class='ocrx_word' id='word_1_72' title='bbox 506 1527 678 1608; x_wconf 84' lang='lat' dir='ltr'>quadratus</span> <span class='ocrx_word' id='word_1_73' title='bbox 700 1529 890 1593; x_wconf 80' lang='lat' dir='ltr'>incendent.</span> <span class='ocrx_word' id='word_1_74' title='bbox 911 1533 998 1593; x_wconf 89' lang='lat' dir='ltr'>recte</span> <span class='ocrx_word' id='word_1_75' title='bbox 1019 1527 1150 1612; x_wconf 88' lang='lat' dir='ltr'>protulit</span> <span class='ocrx_word' id='word_1_76' title='bbox 1164 1528 1353 1611; x_wconf 79' lang='lat' dir='ltr'>Vergiliana</span> <span class='ocrx_word' id='word_1_77' title='bbox 1373 1527 1421 1591; x_wconf 83' lang='lat' dir='ltr'>illu</span> 
     </span>
     <span class='ocr_line' id='line_1_11' title="bbox 319 1626 1421 1717; baseline 0.001 -24"><span class='ocrx_word' id='word_1_78' title='bbox 319 1626 554 1711; x_wconf 84' lang='lat' dir='ltr'>Wakefieldus‚</span> <span class='ocrx_word' id='word_1_79' title='bbox 578 1629 676 1694; x_wconf 82' lang='lat' dir='ltr'>Illam</span> <span class='ocrx_word' id='word_1_80' title='bbox 698 1630 908 1695; x_wconf 74' lang='lat' dir='ltr'>incendentem</span> <span class='ocrx_word' id='word_1_81' title='bbox 932 1631 1034 1694; x_wconf 78' lang='lat' dir='ltr'>inetur</span> <span class='ocrx_word' id='word_1_82' title='bbox 1044 1679 1053 1713; x_wconf 87' lang='lat'><em>‚</em></span> <span class='ocrx_word' id='word_1_83' title='bbox 1072 1631 1151 1695; x_wconf 82' lang='lat' dir='ltr'>Turn</span> <span class='ocrx_word' id='word_1_84' title='bbox 1163 1631 1277 1717; x_wconf 77' lang='lat' dir='ltr'>pudor</span> <span class='ocrx_word' id='word_1_85' title='bbox 1291 1629 1421 1698; x_wconf 76' lang='lat' dir='ltr'>incendi</span> 
     </span>
     <span class='ocr_line' id='line_1_12' title="bbox 320 1735 423 1796; baseline 0 -1"><span class='ocrx_word' id='word_1_86' title='bbox 320 1735 423 1796; x_wconf 81' lang='lat' dir='ltr'>vireo.</span> 
     </span>
    </p>

    <p class='ocr_par' dir='ltr' id='par_1_7' title="bbox 320 1837 1426 3137">
     <span class='ocr_line' id='line_1_13' title="bbox 405 1837 1420 1904; baseline -0.005 -4"><span class='ocrx_word' id='word_1_87' title='bbox 405 1837 478 1902; x_wconf 89' lang='grc'><strong>349.</strong></span> <span class='ocrx_word' id='word_1_88' title='bbox 501 1855 754 1897; x_wconf 78' lang='lat' dir='ltr'>ronnnrnrnns</span> <span class='ocrx_word' id='word_1_89' title='bbox 776 1854 945 1904; x_wconf 82' lang='lat' dir='ltr'>nrournrs</span> <span class='ocrx_word' id='word_1_90' title='bbox 963 1854 1052 1904; x_wconf 78' lang='lat' dir='ltr'>Quin</span> <span class='ocrx_word' id='word_1_91' title='bbox 1076 1855 1287 1898; x_wconf 73' lang='lat' dir='ltr'>rnnnsvrnr</span> <span class='ocrx_word' id='word_1_92' title='bbox 1310 1855 1420 1897; x_wconf 80' lang='lat' dir='ltr'>roms.</span> 
     </span>
     <span class='ocr_line' id='line_1_14' title="bbox 320 1935 1423 2019; baseline 0.001 -21"><span class='ocrx_word' id='word_1_93' title='bbox 320 1935 449 1999; x_wconf 82' lang='lat' dir='ltr'>infimae</span> <span class='ocrx_word' id='word_1_94' title='bbox 474 1935 586 2000; x_wconf 84' lang='lat' dir='ltr'>aetatis</span> <span class='ocrx_word' id='word_1_95' title='bbox 613 1937 770 2001; x_wconf 88' lang='lat' dir='ltr'>vocabula</span> <span class='ocrx_word' id='word_1_96' title='bbox 796 1941 869 2001; x_wconf 89' lang='lat' dir='ltr'>sunt</span> <span class='ocrx_word' id='word_1_97' title='bbox 897 1938 1022 2002; x_wconf 82' lang='lat' dir='ltr'>obviare</span> <span class='ocrx_word' id='word_1_98' title='bbox 1049 1943 1080 2001; x_wconf 91' lang='lat' dir='ltr'>et</span> <span class='ocrx_word' id='word_1_99' title='bbox 1108 1939 1265 2019; x_wconf 83' lang='lat' dir='ltr'>deniare,</span> <span class='ocrx_word' id='word_1_100' title='bbox 1294 1935 1357 2001; x_wconf 85' lang='lat' dir='ltr'>hoc</span> <span class='ocrx_word' id='word_1_101' title='bbox 1382 1941 1423 2000; x_wconf 92' lang='lat' dir='ltr'>est</span> 
     </span>
     <span class='ocr_line' id='line_1_15' title="bbox 321 2036 1423 2121; baseline -0.002 -19"><span class='ocrx_word' id='word_1_102' title='bbox 321 2037 474 2103; x_wconf 86' lang='lat' dir='ltr'>obsistere</span> <span class='ocrx_word' id='word_1_103' title='bbox 503 2043 534 2102; x_wconf 89' lang='lat' dir='ltr'>et</span> <span class='ocrx_word' id='word_1_104' title='bbox 555 2039 595 2102; x_wconf 89' lang='lat' dir='ltr'>de</span> <span class='ocrx_word' id='word_1_105' title='bbox 617 2038 670 2103; x_wconf 87' lang='lat' dir='ltr'>via</span> <span class='ocrx_word' id='word_1_106' title='bbox 691 2037 884 2120; x_wconf 87' lang='lat' dir='ltr'>deflectere,</span> <span class='ocrx_word' id='word_1_107' title='bbox 908 2036 1085 2121; x_wconf 89' lang='lat' dir='ltr'>eodemque</span> <span class='ocrx_word' id='word_1_108' title='bbox 1108 2038 1204 2104; x_wconf 91' lang='lat' dir='ltr'>modo</span> <span class='ocrx_word' id='word_1_109' title='bbox 1228 2037 1301 2102; x_wconf 83' lang='lat' dir='ltr'>Itali</span> <span class='ocrx_word' id='word_1_110' title='bbox 1323 2038 1423 2102; x_wconf 86' lang='lat' dir='ltr'>dicunt</span> 
     </span>
     <span class='ocr_line' id='line_1_16' title="bbox 322 2137 1421 2224; baseline 0 -18"><span class='ocrx_word' id='word_1_111' title='bbox 322 2142 467 2222; x_wconf 85' lang='lat' dir='ltr'>ocvr&#39;ore,</span> <span class='ocrx_word' id='word_1_112' title='bbox 490 2137 524 2202; x_wconf 90' lang='lat' dir='ltr'>id</span> <span class='ocrx_word' id='word_1_113' title='bbox 547 2144 597 2203; x_wconf 86' lang='lat' dir='ltr'>est</span> <span class='ocrx_word' id='word_1_114' title='bbox 618 2138 806 2222; x_wconf 89' lang='lat' dir='ltr'>prohibere,</span> <span class='ocrx_word' id='word_1_115' title='bbox 828 2141 952 2204; x_wconf 83' lang='lat' dir='ltr'>r&#39;nvt‘are</span> <span class='ocrx_word' id='word_1_116' title='bbox 975 2144 1006 2205; x_wconf 82' lang='lat' dir='ltr'>et</span> <span class='ocrx_word' id='word_1_117' title='bbox 1028 2143 1181 2224; x_wconf 80' lang='lat' dir='ltr'>acriore,</span> <span class='ocrx_word' id='word_1_118' title='bbox 1204 2141 1359 2219; x_wconf 84' lang='lat' dir='ltr'>mittere,</span> <span class='ocrx_word' id='word_1_119' title='bbox 1382 2142 1421 2206; x_wconf 82' lang='lat' dir='ltr'>dr&#39;·</span> 
     </span>
     <span class='ocr_line' id='line_1_17' title="bbox 321 2240 1424 2309; baseline -0.002 -2"><span class='ocrx_word' id='word_1_120' title='bbox 321 2246 409 2307; x_wconf 71' lang='lat' dir='ltr'>ciere</span> <span class='ocrx_word' id='word_1_121' title='bbox 436 2244 540 2305; x_wconf 82' lang='lat' dir='ltr'>eriere</span> <span class='ocrx_word' id='word_1_122' title='bbox 567 2243 721 2305; x_wconf 76' lang='lat' dir='ltr'>truecrnre</span> <span class='ocrx_word' id='word_1_123' title='bbox 749 2243 890 2306; x_wconf 81' lang='lat' dir='ltr'>truciore</span> <span class='ocrx_word' id='word_1_124' title='bbox 918 2240 950 2304; x_wconf 87' lang='lat' dir='ltr'>in</span> <span class='ocrx_word' id='word_1_125' title='bbox 975 2240 1155 2307; x_wconf 79' lang='lat' dir='ltr'>abducendi</span> <span class='ocrx_word' id='word_1_126' title='bbox 1179 2243 1231 2308; x_wconf 87' lang='lat' dir='ltr'>vel</span> <span class='ocrx_word' id='word_1_127' title='bbox 1260 2242 1424 2309; x_wconf 87' lang='lat' dir='ltr'>aberrandi</span> 
     </span>
     <span class='ocr_line' id='line_1_18' title="bbox 322 2340 1424 2425; baseline 0 -17"><span class='ocrx_word' id='word_1_128' title='bbox 322 2341 572 2424; x_wconf 84' lang='lat' dir='ltr'>significatione.</span> <span class='ocrx_word' id='word_1_129' title='bbox 589 2340 639 2405; x_wconf 90' lang='lat' dir='ltr'>his</span> <span class='ocrx_word' id='word_1_130' title='bbox 661 2341 758 2405; x_wconf 91' lang='lat' dir='ltr'>multo</span> <span class='ocrx_word' id='word_1_131' title='bbox 781 2342 893 2425; x_wconf 87' lang='lat' dir='ltr'>peiora</span> <span class='ocrx_word' id='word_1_132' title='bbox 915 2349 987 2406; x_wconf 91' lang='lat' dir='ltr'>sunt</span> <span class='ocrx_word' id='word_1_133' title='bbox 1009 2363 1090 2424; x_wconf 85' lang='lat' dir='ltr'>quae</span> <span class='ocrx_word' id='word_1_134' title='bbox 1113 2343 1224 2408; x_wconf 91' lang='lat' dir='ltr'>Solino</span> <span class='ocrx_word' id='word_1_135' title='bbox 1248 2350 1280 2410; x_wconf 87' lang='lat' dir='ltr'>et</span> <span class='ocrx_word' id='word_1_136' title='bbox 1298 2345 1424 2410; x_wconf 83' lang='lat' dir='ltr'>Ambro</span> 
     </span>
     <span class='ocr_line' id='line_1_19' title="bbox 322 2443 1424 2529; baseline 0 -19"><span class='ocrx_word' id='word_1_137' title='bbox 322 2445 369 2510; x_wconf 91' lang='lat' dir='ltr'>sio</span> <span class='ocrx_word' id='word_1_138' title='bbox 386 2443 608 2508; x_wconf 88' lang='lat' dir='ltr'>adscribuntur</span> <span class='ocrx_word' id='word_1_139' title='bbox 623 2445 746 2509; x_wconf 80' lang='lat' dir='ltr'>inviare</span> <span class='ocrx_word' id='word_1_140' title='bbox 762 2448 794 2508; x_wconf 91' lang='lat' dir='ltr'>et</span> <span class='ocrx_word' id='word_1_141' title='bbox 808 2445 1001 2529; x_wconf 81' lang='lat' dir='ltr'>praeviare,</span> <span class='ocrx_word' id='word_1_142' title='bbox 1018 2445 1132 2526; x_wconf 89' lang='lat' dir='ltr'>quibus</span> <span class='ocrx_word' id='word_1_143' title='bbox 1147 2445 1228 2510; x_wconf 91' lang='lat' dir='ltr'>nihil</span> <span class='ocrx_word' id='word_1_144' title='bbox 1243 2447 1357 2512; x_wconf 86' lang='lat' dir='ltr'>subest</span> <span class='ocrx_word' id='word_1_145' title='bbox 1369 2445 1424 2510; x_wconf 88' lang='lat' dir='ltr'>nisi</span> 
     </span>
     <span class='ocr_line' id='line_1_20' title="bbox 322 2544 1424 2630; baseline 0.003 -20"><span class='ocrx_word' id='word_1_146' title='bbox 322 2546 402 2610; x_wconf 90' lang='lat' dir='ltr'>inire</span> <span class='ocrx_word' id='word_1_147' title='bbox 426 2548 458 2608; x_wconf 86' lang='lat' dir='ltr'>et</span> <span class='ocrx_word' id='word_1_148' title='bbox 478 2544 621 2627; x_wconf 86' lang='lat' dir='ltr'>praeire.</span> <span class='ocrx_word' id='word_1_149' title='bbox 638 2550 733 2626; x_wconf 86' lang='lat' dir='ltr'>utque</span> <span class='ocrx_word' id='word_1_150' title='bbox 749 2566 789 2610; x_wconf 86' lang='lat' dir='ltr'>ex</span> <span class='ocrx_word' id='word_1_151' title='bbox 808 2546 869 2610; x_wconf 93' lang='lat' dir='ltr'>hoc</span> <span class='ocrx_word' id='word_1_152' title='bbox 890 2545 999 2629; x_wconf 89' lang='lat' dir='ltr'>peiore</span> <span class='ocrx_word' id='word_1_153' title='bbox 1020 2565 1139 2627; x_wconf 86' lang='lat' dir='ltr'>genere</span> <span class='ocrx_word' id='word_1_154' title='bbox 1162 2555 1210 2613; x_wconf 92' lang='lat' dir='ltr'>est</span> <span class='ocrx_word' id='word_1_155' title='bbox 1230 2551 1424 2630; x_wconf 68' lang='lat' dir='ltr'>transnare,</span> 
     </span>
     <span class='ocr_line' id='line_1_21' title="bbox 323 2645 1425 2730; baseline 0.001 -19"><span class='ocrx_word' id='word_1_156' title='bbox 323 2646 409 2730; x_wconf 90' lang='lat' dir='ltr'>quod</span> <span class='ocrx_word' id='word_1_157' title='bbox 430 2645 627 2711; x_wconf 82' lang='lat' dir='ltr'>Wakefieldo</span> <span class='ocrx_word' id='word_1_158' title='bbox 650 2647 824 2711; x_wconf 89' lang='lat' dir='ltr'>dilucidum</span> <span class='ocrx_word' id='word_1_159' title='bbox 846 2647 971 2711; x_wconf 87' lang='lat' dir='ltr'>videtur</span> <span class='ocrx_word' id='word_1_160' title='bbox 997 2667 1036 2712; x_wconf 90' lang='lat' dir='ltr'>ac</span> <span class='ocrx_word' id='word_1_161' title='bbox 1062 2649 1178 2715; x_wconf 86' lang='lat' dir='ltr'>vetusti</span> <span class='ocrx_word' id='word_1_162' title='bbox 1204 2650 1332 2716; x_wconf 84' lang='lat' dir='ltr'>moris.</span> <span class='ocrx_word' id='word_1_163' title='bbox 1354 2649 1425 2714; x_wconf 83' lang='lat' dir='ltr'>For-</span> 
     </span>
     <span class='ocr_line' id='line_1_22' title="bbox 323 2748 1425 2833; baseline -0.004 -17"><span class='ocrx_word' id='word_1_164' title='bbox 323 2751 438 2833; x_wconf 81' lang='lat' dir='ltr'>biger,</span> <span class='ocrx_word' id='word_1_165' title='bbox 462 2749 554 2831; x_wconf 85' lang='lat' dir='ltr'>quasi</span> <span class='ocrx_word' id='word_1_166' title='bbox 575 2769 749 2831; x_wconf 83' lang='lat' dir='ltr'>magnum,</span> <span class='ocrx_word' id='word_1_167' title='bbox 772 2751 889 2814; x_wconf 71' lang='lat' dir='ltr'>croniet</span> <span class='ocrx_word' id='word_1_168' title='bbox 911 2748 1033 2827; x_wconf 83' lang='lat' dir='ltr'>edidit,</span> <span class='ocrx_word' id='word_1_169' title='bbox 1057 2769 1154 2816; x_wconf 87' lang='lat' dir='ltr'>causa</span> <span class='ocrx_word' id='word_1_170' title='bbox 1176 2751 1289 2818; x_wconf 80' lang='lat' dir='ltr'>addita</span> <span class='ocrx_word' id='word_1_171' title='bbox 1314 2758 1351 2816; x_wconf 92' lang='lat' dir='ltr'>ut</span> <span class='ocrx_word' id='word_1_172' title='bbox 1372 2751 1425 2817; x_wconf 88' lang='lat' dir='ltr'>sibi</span> 
     </span>
     <span class='ocr_line' id='line_1_23' title="bbox 324 2848 1426 2937; baseline 0.005 -19"><span class='ocrx_word' id='word_1_173' title='bbox 324 2856 518 2919; x_wconf 87' lang='lat' dir='ltr'>constraret:</span> <span class='ocrx_word' id='word_1_174' title='bbox 535 2849 656 2914; x_wconf 86' lang='lat' dir='ltr'>scilicet</span> <span class='ocrx_word' id='word_1_175' title='bbox 676 2849 710 2914; x_wconf 90' lang='lat' dir='ltr'>in</span> <span class='ocrx_word' id='word_1_176' title='bbox 732 2874 753 2929; x_wconf 93' lang='lat'>1,</span> <span class='ocrx_word' id='word_1_177' title='bbox 765 2855 828 2919; x_wconf 89' lang='grc'>355</span> <span class='ocrx_word' id='word_1_178' title='bbox 843 2848 977 2916; x_wconf 77' lang='lat' dir='ltr'>dederat</span> <span class='ocrx_word' id='word_1_179' title='bbox 994 2855 1229 2919; x_wconf 76' lang='lat' dir='ltr'>Transvolitent</span> <span class='ocrx_word' id='word_1_180' title='bbox 1238 2904 1248 2937; x_wconf 96' lang='lat'>,</span> <span class='ocrx_word' id='word_1_181' title='bbox 1263 2854 1298 2918; x_wconf 92' lang='lat' dir='ltr'>in</span> <span class='ocrx_word' id='word_1_182' title='bbox 1313 2876 1358 2931; x_wconf 89' lang='lat' dir='ltr'>1v,</span> <span class='ocrx_word' id='word_1_183' title='bbox 1369 2859 1426 2923; x_wconf 85' lang='grc'>559</span> 
     </span>
     <span class='ocr_line' id='line_1_24' title="bbox 324 2950 1426 3038; baseline 0.003 -20"><span class='ocrx_word' id='word_1_184' title='bbox 324 2960 355 3019; x_wconf 86' lang='lat' dir='ltr'>et</span> <span class='ocrx_word' id='word_1_185' title='bbox 369 2957 431 3036; x_wconf 88' lang='grc'>602</span> <span class='ocrx_word' id='word_1_186' title='bbox 454 2953 614 3032; x_wconf 80' lang='lat' dir='ltr'>travolat.</span> <span class='ocrx_word' id='word_1_187' title='bbox 637 2972 701 3015; x_wconf 92' lang='lat' dir='ltr'>non</span> <span class='ocrx_word' id='word_1_188' title='bbox 724 2950 832 3016; x_wconf 89' lang='lat' dir='ltr'>dubito</span> <span class='ocrx_word' id='word_1_189' title='bbox 856 2951 932 3036; x_wconf 93' lang='lat' dir='ltr'>quin</span> <span class='ocrx_word' id='word_1_190' title='bbox 958 2973 1068 3019; x_wconf 87' lang='lat' dir='ltr'>verum</span> <span class='ocrx_word' id='word_1_191' title='bbox 1090 2954 1204 3021; x_wconf 85' lang='lat' dir='ltr'>viderit</span> <span class='ocrx_word' id='word_1_192' title='bbox 1225 2956 1426 3038; x_wconf 81' lang='lat' dir='ltr'>Naugerius,</span> 
     </span>
     <span class='ocr_line' id='line_1_25' title="bbox 324 3052 809 3137; baseline -0.004 -17"><span class='ocrx_word' id='word_1_193' title='bbox 324 3056 379 3137; x_wconf 89' lang='lat' dir='ltr'>qui</span> <span class='ocrx_word' id='word_1_194' title='bbox 401 3052 527 3136; x_wconf 81' lang='lat' dir='ltr'>scripsit</span> <span class='ocrx_word' id='word_1_195' title='bbox 549 3075 809 3118; x_wconf 76' lang='lat' dir='ltr'>rnnnsvonnr.</span> 
     </span>
    </p>

    <p class='ocr_par' dir='ltr' id='par_1_8' title="bbox 322 3155 1429 4158">
     <span class='ocr_line' id='line_1_26' title="bbox 410 3155 1427 3246; baseline -0.002 -21"><span class='ocrx_word' id='word_1_196' title='bbox 410 3162 482 3225; x_wconf 89' lang='lat'><strong>350.</strong></span> <span class='ocrx_word' id='word_1_197' title='bbox 506 3157 717 3228; x_wconf 80' lang='lat' dir='ltr'>Munrnoun</span> <span class='ocrx_word' id='word_1_198' title='bbox 739 3178 933 3221; x_wconf 81' lang='grc'>66666666.</span> <span class='ocrx_word' id='word_1_199' title='bbox 958 3155 1141 3233; x_wconf 76' lang='lat' dir='ltr'>Quadratus</span> <span class='ocrx_word' id='word_1_200' title='bbox 1159 3160 1342 3246; x_wconf 60' lang='lat' dir='ltr'>perfreiyit.</span> <span class='ocrx_word' id='word_1_201' title='bbox 1365 3180 1427 3226; x_wconf 86' lang='lat' dir='ltr'>ecr-</span> 
     </span>
     <span class='ocr_line' id='line_1_27' title="bbox 324 3257 1428 3346; baseline 0.003 -24"><span class='ocrx_word' id='word_1_202' title='bbox 324 3265 426 3323; x_wconf 88' lang='lat' dir='ltr'>rector</span> <span class='ocrx_word' id='word_1_203' title='bbox 441 3257 571 3339; x_wconf 85' lang='lat' dir='ltr'>oblongi</span> <span class='ocrx_word' id='word_1_204' title='bbox 590 3260 747 3346; x_wconf 71' lang='lat' dir='ltr'>perfrepit</span> <span class='ocrx_word' id='word_1_205' title='bbox 768 3263 800 3323; x_wconf 89' lang='lat' dir='ltr'>et</span> <span class='ocrx_word' id='word_1_206' title='bbox 820 3277 915 3323; x_wconf 86' lang='lat' dir='ltr'>versu</span> <span class='ocrx_word' id='word_1_207' title='bbox 936 3257 1078 3340; x_wconf 84' lang='lat' dir='ltr'>proximo</span> <span class='ocrx_word' id='word_1_208' title='bbox 1093 3261 1285 3326; x_wconf 80' lang='lat' dir='ltr'>inciderint.</span> <span class='ocrx_word' id='word_1_209' title='bbox 1302 3261 1428 3327; x_wconf 87' lang='lat' dir='ltr'>firmiter</span> 
     </span>
     <span class='ocr_line' id='line_1_28' title="bbox 323 3357 1427 3449; baseline 0.004 -26"><span class='ocrx_word' id='word_1_210' title='bbox 323 3357 494 3424; x_wconf 88' lang='lat' dir='ltr'>tenendum</span> <span class='ocrx_word' id='word_1_211' title='bbox 517 3367 565 3424; x_wconf 88' lang='lat' dir='ltr'>est</span> <span class='ocrx_word' id='word_1_212' title='bbox 584 3363 729 3446; x_wconf 68' lang='lat' dir='ltr'>perfipir,</span> <span class='ocrx_word' id='word_1_213' title='bbox 747 3360 833 3443; x_wconf 90' lang='lat' dir='ltr'>quod</span> <span class='ocrx_word' id='word_1_214' title='bbox 850 3365 882 3424; x_wconf 86' lang='lat' dir='ltr'>et</span> <span class='ocrx_word' id='word_1_215' title='bbox 896 3359 942 3423; x_wconf 92' lang='lat' dir='ltr'>rei</span> <span class='ocrx_word' id='word_1_216' title='bbox 957 3359 1149 3427; x_wconf 85' lang='lat' dir='ltr'>conveniens</span> <span class='ocrx_word' id='word_1_217' title='bbox 1165 3369 1214 3429; x_wconf 88' lang='lat' dir='ltr'>est</span> <span class='ocrx_word' id='word_1_218' title='bbox 1229 3361 1323 3449; x_wconf 85' lang='lat' dir='ltr'>(nam</span> <span class='ocrx_word' id='word_1_219' title='bbox 1338 3363 1427 3428; x_wconf 89' lang='lat' dir='ltr'>modo</span> 
     </span>
     <span class='ocr_line' id='line_1_29' title="bbox 324 3459 1427 3544; baseline 0.005 -20"><span class='ocrx_word' id='word_1_220' title='bbox 324 3460 441 3525; x_wconf 89' lang='lat' dir='ltr'>dictum</span> <span class='ocrx_word' id='word_1_221' title='bbox 465 3467 532 3524; x_wconf 86' lang='lat' dir='ltr'>erat</span> <span class='ocrx_word' id='word_1_222' title='bbox 553 3462 669 3527; x_wconf 89' lang='lat' dir='ltr'>multas</span> <span class='ocrx_word' id='word_1_223' title='bbox 691 3483 742 3528; x_wconf 86' lang='lat' dir='ltr'>res</span> <span class='ocrx_word' id='word_1_224' title='bbox 765 3463 887 3527; x_wconf 83' lang='lat' dir='ltr'>fulmen</span> <span class='ocrx_word' id='word_1_225' title='bbox 909 3459 1083 3544; x_wconf 81' lang='lat' dir='ltr'>pervadere</span> <span class='ocrx_word' id='word_1_226' title='bbox 1105 3463 1304 3531; x_wconf 88' lang='lat' dir='ltr'>incolumes:</span> <span class='ocrx_word' id='word_1_227' title='bbox 1321 3486 1427 3532; x_wconf 85' lang='lat' dir='ltr'>secun·</span> 
     </span>
     <span class='ocr_line' id='line_1_30' title="bbox 324 3551 1427 3650; baseline 0.005 -23"><span class='ocrx_word' id='word_1_228' title='bbox 324 3569 374 3627; x_wconf 86' lang='lat' dir='ltr'>tur</span> <span class='ocrx_word' id='word_1_229' title='bbox 395 3561 478 3627; x_wconf 84' lang='lat' dir='ltr'>aliae</span> <span class='ocrx_word' id='word_1_230' title='bbox 501 3582 580 3644; x_wconf 85' lang='lat' dir='ltr'>quas</span> <span class='ocrx_word' id='word_1_231' title='bbox 602 3564 761 3650; x_wconf 80' lang='lat' dir='ltr'>pertigit),</span> <span class='ocrx_word' id='word_1_232' title='bbox 777 3583 881 3646; x_wconf 88' lang='lat' dir='ltr'>neque</span> <span class='ocrx_word' id='word_1_233' title='bbox 903 3562 996 3628; x_wconf 91' lang='lat' dir='ltr'>huius</span> <span class='ocrx_word' id='word_1_234' title='bbox 1013 3563 1102 3630; x_wconf 89' lang='lat' dir='ltr'>verbi</span> <span class='ocrx_word' id='word_1_235' title='bbox 1119 3551 1320 3649; x_wconf 65' lang='lat' dir='ltr'>participium</span> <span class='ocrx_word' id='word_1_236' title='bbox 1336 3568 1427 3632; x_wconf 88' lang='lat' dir='ltr'>aliun</span> 
     </span>
     <span class='ocr_line' id='line_1_31' title="bbox 324 3663 1429 3748; baseline 0.005 -20"><span class='ocrx_word' id='word_1_237' title='bbox 324 3670 485 3730; x_wconf 84' lang='lat' dir='ltr'>auctorem</span> <span class='ocrx_word' id='word_1_238' title='bbox 507 3663 603 3730; x_wconf 83' lang='lat' dir='ltr'>habet</span> <span class='ocrx_word' id='word_1_239' title='bbox 625 3688 720 3748; x_wconf 83' lang='lat' dir='ltr'>quam</span> <span class='ocrx_word' id='word_1_240' title='bbox 734 3665 935 3748; x_wconf 89' lang='lat' dir='ltr'>Lucretium,</span> <span class='ocrx_word' id='word_1_241' title='bbox 952 3664 1007 3748; x_wconf 89' lang='lat' dir='ltr'>qui</span> <span class='ocrx_word' id='word_1_242' title='bbox 1022 3685 1059 3730; x_wconf 87' lang='lat' dir='ltr'>eo</span> <span class='ocrx_word' id='word_1_243' title='bbox 1080 3672 1111 3731; x_wconf 86' lang='lat' dir='ltr'>et</span> <span class='ocrx_word' id='word_1_244' title='bbox 1130 3666 1207 3731; x_wconf 86' lang='lat' dir='ltr'>alibi</span> <span class='ocrx_word' id='word_1_245' title='bbox 1228 3688 1309 3734; x_wconf 89' lang='lat' dir='ltr'>usus</span> <span class='ocrx_word' id='word_1_246' title='bbox 1332 3676 1429 3735; x_wconf 86' lang='lat' dir='ltr'>estet</span> 
     </span>
     <span class='ocr_line' id='line_1_32' title="bbox 324 3765 1429 3855; baseline 0.005 -25"><span class='ocrx_word' id='word_1_247' title='bbox 324 3768 436 3832; x_wconf 85' lang='lat' dir='ltr'>iterum</span> <span class='ocrx_word' id='word_1_248' title='bbox 459 3765 499 3831; x_wconf 89' lang='lat' dir='ltr'>de</span> <span class='ocrx_word' id='word_1_249' title='bbox 520 3766 650 3834; x_wconf 85' lang='lat' dir='ltr'>fulmine</span> <span class='ocrx_word' id='word_1_250' title='bbox 671 3789 766 3834; x_wconf 87' lang='lat' dir='ltr'>versu</span> <span class='ocrx_word' id='word_1_251' title='bbox 780 3772 843 3837; x_wconf 87' lang='grc'>392</span> <span class='ocrx_word' id='word_1_252' title='bbox 866 3769 924 3832; x_wconf 85' lang='lat' dir='ltr'>icti</span> <span class='ocrx_word' id='word_1_253' title='bbox 933 3769 1086 3853; x_wconf 66' lang='lat' dir='ltr'>strennas</span> <span class='ocrx_word' id='word_1_254' title='bbox 1106 3782 1141 3851; x_wconf 82' lang='lat' dir='ltr'>nt</span> <span class='ocrx_word' id='word_1_255' title='bbox 1151 3769 1306 3855; x_wconf 74' lang='lat' dir='ltr'>fnlanie</span> <span class='ocrx_word' id='word_1_256' title='bbox 1330 3772 1429 3838; x_wconf 66' lang='lat' dir='ltr'>deierat</span> 
     </span>
     <span class='ocr_line' id='line_1_33' title="bbox 324 3869 1428 3958; baseline 0.003 -25"><span class='ocrx_word' id='word_1_257' title='bbox 324 3871 452 3934; x_wconf 85' lang='lat' dir='ltr'>Pectore</span> <span class='ocrx_word' id='word_1_258' title='bbox 458 3871 584 3955; x_wconf 77' lang='lat' dir='ltr'>perflno</span> <span class='ocrx_word' id='word_1_259' title='bbox 597 3920 603 3935; x_wconf 93' lang='lat'><strong>.</strong></span> <span class='ocrx_word' id='word_1_260' title='bbox 616 3869 662 3934; x_wconf 87' lang='lat' dir='ltr'>ita</span> <span class='ocrx_word' id='word_1_261' title='bbox 667 3871 862 3958; x_wconf 76' lang='lat' dir='ltr'>perstridere</span> <span class='ocrx_word' id='word_1_262' title='bbox 873 3919 882 3951; x_wconf 86' lang='lat'>,</span> <span class='ocrx_word' id='word_1_263' title='bbox 896 3869 981 3950; x_wconf 89' lang='lat' dir='ltr'>quod</span> <span class='ocrx_word' id='word_1_264' title='bbox 991 3869 1190 3935; x_wconf 83' lang='lat' dir='ltr'>Forcellinus</span> <span class='ocrx_word' id='word_1_265' title='bbox 1201 3873 1428 3953; x_wconf 84' lang='lat' dir='ltr'>praetermisit,</span> 
     </span>
     <span class='ocr_line' id='line_1_34' title="bbox 325 3970 1429 4058; baseline 0.006 -24"><span class='ocrx_word' id='word_1_266' title='bbox 325 3991 407 4036; x_wconf 91' lang='lat' dir='ltr'>unus</span> <span class='ocrx_word' id='word_1_267' title='bbox 422 3970 517 4036; x_wconf 83' lang='lat' dir='ltr'>habet</span> <span class='ocrx_word' id='word_1_268' title='bbox 532 3970 740 4037; x_wconf 81' lang='lat' dir='ltr'>Germanicus</span> <span class='ocrx_word' id='word_1_269' title='bbox 754 3971 788 4035; x_wconf 92' lang='lat' dir='ltr'>in</span> <span class='ocrx_word' id='word_1_270' title='bbox 802 3970 1034 4056; x_wconf 82' lang='lat' dir='ltr'>prognosticis,</span> <span class='ocrx_word' id='word_1_271' title='bbox 1050 3978 1100 4050; x_wconf 91' lang='lat'>1,6</span> <span class='ocrx_word' id='word_1_272' title='bbox 1115 3973 1160 4037; x_wconf 82' lang='lat' dir='ltr'>At</span> <span class='ocrx_word' id='word_1_273' title='bbox 1171 3974 1311 4058; x_wconf 55' lang='lat' dir='ltr'>,neminie</span> <span class='ocrx_word' id='word_1_274' title='bbox 1327 3975 1429 4041; x_wconf 72' lang='lat' dir='ltr'>leviter</span> 
     </span>
     <span class='ocr_line' id='line_1_35' title="bbox 322 4074 793 4158; baseline 0.002 -21"><span class='ocrx_word' id='word_1_275' title='bbox 322 4074 520 4158; x_wconf 79' lang='lat' dir='ltr'>perstridant</span> <span class='ocrx_word' id='word_1_276' title='bbox 541 4075 670 4139; x_wconf 83' lang='lat' dir='ltr'>coerula</span> <span class='ocrx_word' id='word_1_277' title='bbox 691 4076 777 4140; x_wconf 83' lang='lat' dir='ltr'>venti</span> <span class='ocrx_word' id='word_1_278' title='bbox 786 4122 793 4138; x_wconf 87' lang='lat'><strong>.</strong></span> 
     </span>
    </p>

    <p class='ocr_par' dir='ltr' id='par_1_9' title="bbox 327 4173 1429 4359">
     <span class='ocr_line' id='line_1_36' title="bbox 411 4173 1429 4262; baseline 0.007 -26"><span class='ocrx_word' id='word_1_279' title='bbox 411 4180 483 4244; x_wconf 87' lang='lat'><strong>356.</strong></span> <span class='ocrx_word' id='word_1_280' title='bbox 506 4196 549 4237; x_wconf 97' lang='grc'>66</span> <span class='ocrx_word' id='word_1_281' title='bbox 571 4197 697 4238; x_wconf 77' lang='lat' dir='ltr'>vrncm</span> <span class='ocrx_word' id='word_1_282' title='bbox 719 4197 933 4240; x_wconf 76' lang='lat' dir='ltr'>nnunxnnr.</span> <span class='ocrx_word' id='word_1_283' title='bbox 964 4177 1053 4242; x_wconf 79' lang='lat' dir='ltr'>Viciu</span> <span class='ocrx_word' id='word_1_284' title='bbox 1075 4173 1272 4262; x_wconf 82' lang='lat' dir='ltr'>quadratus.</span> <span class='ocrx_word' id='word_1_285' title='bbox 1296 4199 1429 4243; x_wconf 72' lang='grc'>666666</span> 
     </span>
     <span class='ocr_line' id='line_1_37' title="bbox 327 4275 948 4359; baseline 0 -18"><span class='ocrx_word' id='word_1_286' title='bbox 327 4280 486 4341; x_wconf 88' lang='lat' dir='ltr'>corrector</span> <span class='ocrx_word' id='word_1_287' title='bbox 509 4276 660 4359; x_wconf 83' lang='lat' dir='ltr'>oblongi.</span> <span class='ocrx_word' id='word_1_288' title='bbox 945 4275 948 4279; x_wconf 72' lang='grc'><em>’</em></span> 
     </span>
    </p>

    <p class='ocr_par' dir='ltr' id='par_1_10' title="bbox 325 4381 1429 4555">
     <span class='ocr_line' id='line_1_38' title="bbox 411 4381 1429 4449; baseline 0.004 -6"><span class='ocrx_word' id='word_1_289' title='bbox 411 4382 483 4447; x_wconf 77' lang='grc'><strong>357.</strong></span> <span class='ocrx_word' id='word_1_290' title='bbox 508 4398 653 4441; x_wconf 81' lang='grc'>6666666</span> <span class='ocrx_word' id='word_1_291' title='bbox 676 4399 930 4442; x_wconf 74' lang='lat' dir='ltr'>succurramus</span> <span class='ocrx_word' id='word_1_292' title='bbox 954 4401 1066 4444; x_wconf 77' lang='lat' dir='ltr'>suus.</span> <span class='ocrx_word' id='word_1_293' title='bbox 1087 4382 1189 4446; x_wconf 77' lang='lat' dir='ltr'>Anus</span> <span class='ocrx_word' id='word_1_294' title='bbox 1207 4381 1381 4449; x_wconf 82' lang='lat' dir='ltr'>Turnebus</span> <span class='ocrx_word' id='word_1_295' title='bbox 1400 4384 1429 4447; x_wconf 89' lang='lat' dir='ltr'>in</span> 
     </span>
     <span class='ocr_line' id='line_1_39' title="bbox 325 4478 677 4555; baseline -0.014 -9"><span class='ocrx_word' id='word_1_296' title='bbox 325 4478 518 4546; x_wconf 82' lang='lat' dir='ltr'>adversariis</span> <span class='ocrx_word' id='word_1_297' title='bbox 538 4500 626 4555; x_wconf 79' lang='lat' dir='ltr'>xm,</span> <span class='ocrx_word' id='word_1_298' title='bbox 639 4484 677 4547; x_wconf 90' lang='grc'>6.</span> 
     </span>
    </p>

    <p class='ocr_par' dir='ltr' id='par_1_11' title="bbox 412 4585 1134 4652">
     <span class='ocr_line' id='line_1_40' title="bbox 412 4585 1134 4652; baseline 0.004 -9"><span class='ocrx_word' id='word_1_299' title='bbox 412 4586 484 4652; x_wconf 82' lang='lat'><strong>369.</strong></span> <span class='ocrx_word' id='word_1_300' title='bbox 507 4601 679 4645; x_wconf 80' lang='lat' dir='ltr'>rsnnonn</span> <span class='ocrx_word' id='word_1_301' title='bbox 703 4604 828 4648; x_wconf 80' lang='grc'>66666.</span> <span class='ocrx_word' id='word_1_302' title='bbox 851 4585 923 4649; x_wconf 84' lang='lat' dir='ltr'>Itali</span> <span class='ocrx_word' id='word_1_303' title='bbox 945 4606 985 4648; x_wconf 89' lang='grc'>66</span> <span class='ocrx_word' id='word_1_304' title='bbox 1010 4606 1134 4648; x_wconf 70' lang='lat' dir='ltr'>vum.</span> 
     </span>
    </p>
   </div>
   <div class='ocr_carea' id='block_1_3' title="bbox 0 0 1784 5442">
    <p class='ocr_par' dir='ltr' id='par_1_12' title="bbox 0 0 1784 5442">
     <span class='ocr_line' id='line_1_41' title="bbox 0 0 1784 5442; baseline 0 0"><span class='ocrx_word' id='word_1_305' title='bbox 0 0 1784 5442; x_wconf 95' lang='lat' dir='ltr'> </span> 
     </span>
    </p>
   </div>
  </div>
 </body>
</html>
