3509 5442
324 559 389 626 202
855 555 900 618 Iu

325 748 422 810 supra
442 732 574 809 uterque
604 729 734 813 Tityon.
756 724 902 808 quadrati
928 731 1087 790 corrector
1113 730 1146 791 et
1170 724 1243 790 Itali
1271 726 1322 789 hie
1347 747 1440 790 nsr:

327 829 402 894 clim
425 829 574 912 impressi
598 831 647 892 hie
672 842 718 894 et.

410 935 482 999 994.
507 952 687 993 sornouur
716 951 925 992 caueamur:
955 952 1070 993 cusa.
1098 928 1267 993 Correetor
1301 929 1423 1011 oblongi
1458 1012 1460 1021 Ι

325 1031 509 1117 torpedine,
527 1031 673 1112 quadrati
689 1054 870 1095 cursurus:
884 1082 891 1108 ‚
906 1031 1014 1113 itaque
1028 1030 1149 1113 primus
1164 1035 1237 1111 post
1252 1049 1326 1095 eum
1341 1030 1419 1094 Laut

324 1133 419 1197 binus
440 1152 510 1196 cum
532 1133 681 1196 Turnebo
704 1133 737 1196 in
758 1131 1011 1198 adversariorum
1027 1156 1058 1217 x,
1071 1139 1110 1200 8.
1127 1131 1208 1194 libro
1224 1153 1255 1214 v,
1268 1137 1312 1200 45
1328 1134 1417 1210 Quae-

326 1249 375 1299 toe
398 1249 461 1299 tam
476 1234 623 1298 scindant
637 1236 790 1299 hominem
805 1236 991 1320 cuppedinis
1013 1260 1101 1299 ceres
1117 1234 1295 1299 Sollicitum
1318 1257 1417 1301 carce.

325 1335 359 1400 in
381 1354 476 1400 versu
497 1334 642 1417 proximo
665 1351 786 1421 quoque
809 1335 923 1399 omittit
945 1336 1138 1418 quadratus.

411 1442 483 1505 991.
507 1458 704 1508 rarsrroua
726 1459 905 1500 uacanrr.
923 1437 1090 1502 Corrector
1110 1435 1258 1518 quadrati
1281 1443 1314 1500 et
1337 1434 1421 1500 ceteri

328 1561 565 1609 ra1sr1soua.
582 1537 732 1602 Horatius
748 1563 834 1624 pono
857 1541 1018 1624 tristisque
1039 1538 1166 1604 recedo.

412 1645 484 1708 999.
508 1662 633 1703 nusum
660 1660 831 1703 aaronem
858 1661 1073 1703 surraarra.
1099 1638 1187 1704 ldern
1215 1645 1377 1704 corrector
1400 1644 1424 1703 et

326 1742 472 1826 impressi
496 1764 681 1806 susannae
703 1763 896 1805 annosam.

413 1847 504 1913 1001.
529 1865 628 1915 ouon
652 1865 773 1907 runnu
790 1864 912 1926 sumno
936 1866 1001 1906 1111
1016 1841 1175 1907 vnarroa
1189 1867 1316 1909 ausum
1341 1845 1425 1909 Von-

327 1967 461 2009 vrrun.
483 1945 635 2010 Marullus
662 1970 682 2009 a
703 1970 845 2028 sumac,
870 1945 1023 2011 Avantius
1045 1966 1064 2007 rr
1087 1970 1205 2010 summo
1222 1995 1229 2010 .
1249 1945 1283 2010 in
1305 1949 1426 2024 v,1125

327 2050 369 2112 Et
396 2061 498 2113 tamea
521 2073 536 2113 e
558 2071 675 2111 summo
694 2095 701 2110 .
721 2045 754 2108 in
769 2067 812 2123 ru,
825 2052 865 2115 86
893 2071 933 2112 ca
953 2072 1072 2112 commo
1092 2096 1099 2111 .
1118 2046 1151 2111 in
1171 2069 1217 2125 111,
1233 2052 1293 2116 197
1319 2049 1427 2134 Oopere

327 2163 361 2213 iet
381 2151 420 2213 ob
443 2173 581 2214 summo.

417 2253 507 2318 1005.
531 2248 638 2324 Quor)
655 2270 813 2311 rsorunr
828 2270 935 2313 nonrs
951 2270 1126 2313 susorum
1141 2270 1341 2331 inurens,
1357 2274 1426 2316 cm·

329 2372 400 2414 cun
423 2350 502 2414 Can
517 2371 688 2413 rnnsunr
702 2399 708 2412 .
724 2350 849 2416 Nonius
872 2354 1051 2432 quaeantc
1065 2349 1148 2416 haec
1161 2352 1309 2433 proxime
1330 2353 1427 2436 posita

328 2457 401 2515 sunt
422 2451 525 2516 attulit
539 2471 569 2536 p.
587 2454 692 2528 298,9
715 2457 747 2517 et
767 2456 840 2530 424,
857 2459 898 2521 6:
914 2451 966 2516 hic
982 2500 989 2535 ,
1013 2451 1067 2515 ubi
1094 2451 1284 2536 interpretes
1307 2449 1426 2530 tacent,

327 2572 387 2617 nos
409 2572 473 2616 non
495 2552 648 2618 adiuvat.
672 2572 790 2635 quaero
813 2552 897 2618 enim
926 2551 1004 2634 quid
1024 2552 1105 2617 illud
1134 2553 1174 2618 sit
1200 2557 1287 2641 quod
1302 2558 1428 2643 facient

327 2655 416 2719 nobis
438 2653 514 2718 anni
535 2658 704 2738 tempora:
726 2675 800 2721 nam
824 2661 908 2720 certe
931 2653 1006 2718 anni
1028 2673 1091 2718 non
1113 2653 1252 2733 faciunt,
1267 2655 1327 2722 sed
1348 2656 1427 2740 cupi·

328 2755 410 2820 ditas
432 2761 561 2834 nostra,
576 2761 612 2820 ut
633 2755 757 2822 animus
779 2777 952 2838 numquam
976 2754 1141 2837 expleatur
1162 2760 1257 2839 atque
1280 2758 1425 2824 satietur.

327 2876 460 2940 pascere
483 2858 613 2941 quidem
634 2859 710 2924 anni
732 2864 876 2941 tempora
891 2857 1030 2922 animum
1043 2908 1050 2935 ‚
1065 2878 1131 2922 non
1153 2878 1268 2943 corpus
1290 2865 1425 2936 tantum,

327 2957 452 3024 facilius
478 2960 670 3044 concedam,
693 2959 750 3026 sed
777 2980 841 3025 non
869 2962 988 3024 circum
1009 2960 1195 3025 redeuntia:
1213 2981 1289 3025 nam
1316 2965 1427 3027 arcem

327 3061 432 3125 redire
447 3060 523 3143 quid
539 3061 656 3125 sitnon
671 3062 838 3144 intellego.
856 3061 977 3127 seilicet
992 3061 1077 3147 qood
1089 3061 1267 3127 coniunctio
1283 3067 1354 3142 est,
1368 3063 1426 3146 ita,

329 3162 559 3248 Quodfooiuat
573 3165 661 3227 11οό11
680 3187 834 3227 canoram
850 3177 990 3248 temporo
1005 3185 1165 3241 vrorum,
1182 3164 1259 3229 011111
1282 3165 1426 3240 redeant,

318 3265 593 3350 fetaaqoeferaot
614 3266 780 3350 variosque
803 3264 941 3350 lepores,
957 3266 1024 3330 Nec
1046 3280 1148 3329 tornea
1171 3264 1336 3351 expleantur
1356 3267 1430 3330 mici

318 3366 483 3450 fructibus
499 3389 666 3449 amquam.
683 3370 821 3430 ceterum
838 3365 997 3447 oblongus
1019 3366 1070 3432 hic
1084 3367 1182 3432 habet
1202 3365 1243 3431 de
1265 3385 1356 3432 more
1369 3370 1428 3433 cite

324 3467 503 3548 fructibus,
521 3464 579 3528 sed
601 3464 775 3546 quadratus
792 3469 857 3530 vito
873 3471 1053 3534 crantibus.
1069 3469 1150 3533 haee
1164 3474 1270 3532 autem
1294 3487 1378 3551 quae
1391 3467 1427 3532 ad

328 3565 433 3629 Danai
447 3565 528 3630 filias
552 3566 709 3648 pertinent
724 3567 831 3632 omnia
845 3573 1055 3638 1003-1010
1070 3570 1199 3635 Servius
1220 3569 1253 3634 in
1271 3571 1428 3635 1111111111-

328 3665 387 3754 dos
399 3671 462 3735 596
476 3669 712 3752 praetermittit,
728 3669 782 3734 ubi
794 3674 900 3733 cetera
915 3689 932 3733 e
945 3671 1093 3734 Lucretio
1105 3669 1234 3753 exponit
1243 3668 1308 3737 hoc
1319 3672 1427 3736 modo.

329 3768 412 3834 Scae
427 3768 465 3834 dc
486 3771 535 3834 itis
550 3772 691 3834 omat'bus
706 3774 797 3836 rebus
817 3774 896 3837 mire
910 3772 1015 3837 reddit
1033 3775 1186 3837 rationem
1200 3774 1390 3854 Lttcrdiuc,
1405 3787 1429 3838 ct

329 3872 491 3955 confirmet
510 3875 544 3936 ia
559 3886 668 3938 nostre
682 3875 748 3938 vito
767 3897 832 3938 esce
847 3875 952 3937 omnio
972 3877 1229 3961 quoeflapantar
1244 3873 1284 3939 de
1299 3875 1428 3962 inferat.

329 3964 406 4037 dicit
421 3998 556 4060 namque
570 3973 687 4057 'lityon
709 4000 844 4040 canorem
867 3998 952 4056 esce,
968 3976 1023 4039 hoc
1045 3988 1090 4040 est
1113 3975 1276 4040 libidinem
1288 4023 1296 4038 .
1308 4012 1353 4022 -
1366 3978 1428 4061 ipse

330 4076 423 4139 etiam
437 4077 604 4141 Lucretius
620 4075 697 4140 dicit
706 4102 768 4163 per
783 4102 852 4159 eoa,
870 4076 983 4161 quibas
997 4074 1060 4139 iam
1074 4076 1138 4141 iam
1150 4096 1283 4142 casurus
1293 4075 1430 4141 imminet

330 4176 433 4260 lapis,
449 4179 680 4262 superstitiosos
691 4180 887 4264 siqaptccri,
901 4179 960 4262 qai
967 4179 1106 4242 inaniter
1117 4202 1238 4264 semper
1249 4192 1395 4244 cerem
1405 4191 1430 4243 ct

330 4276 368 4341 de
384 4276 447 4341 diis
463 4290 491 4341 et
505 4278 590 4343 coelo
606 4292 634 4343 et
649 4279 725 4343 locis
736 4281 952 4364 superioribus
965 4280 1047 4344 male
1058 4282 1229 4365 opinantur
1241 4327 1249 4344 .
1260 4316 1306 4326 -
1313 4303 1374 4366 por
1384 4303 1429 4345 eos

330 4391 433 4442 autem
444 4381 502 4462 qui
511 4397 622 4443 saxum
634 4380 778 4457 volvunt,
791 4381 939 4445 ambitum
951 4382 1017 4444 vult
1028 4394 1056 4446 ct
1066 4382 1227 4467 repulsam
1238 4382 1428 4470 crymflcori,

331 4480 408 4563 quic
434 4481 531 4544 semel
559 4483 683 4567 repulsi
701 4483 850 4566 petitores
878 4484 996 4547 ambire
1023 4506 1086 4546 acre
1114 4481 1288 4547 dmiaaat.
1316 4483 1431 4549 scilieet

330 4579 555 4661 grammaticus
578 4581 721 4647 ordinem
744 4587 775 4646 et
794 4582 893 4647 verba
907 4582 1039 4665 Vergilii
1061 4581 1222 4665 sequitur,
1238 4604 1260 4648 a
1281 4603 1357 4666 quc.
1370 4586 1431 4649 Da·-

330 4680 442 4748 naidos
469 4702 535 4747 non
564 4689 874 4752 commemorantur.
900 4684 958 4750 scd
988 4684 1073 4775 idem
1104 4685 1236 4753 Servius
1268 4706 1355 4771 quae
1386 4686 1431 4752 his
