3509 5442
786 576 817 640 11
1313 577 1425 642 u>-

239 745 329 810 male
343 745 498 811 Marullus
520 748 588 811 aiot
600 759 693 831 cique
709 745 798 810 dolor
818 747 900 810 abac
917 770 1063 832 measque
1074 748 1234 832 fructur.
1250 746 1356 809 Avan-

240 849 308 912 tius
329 847 504 912 rectissime
527 862 561 912 ut
583 870 645 911 cur
667 848 756 913 dolor
779 850 860 912 absit
870 873 882 930 ,·
896 845 960 913 nisi
983 848 1069 928 quod
1092 863 1224 913 acturae
1246 846 1355 928 inepte

242 948 436 1014 adscribitur
458 948 544 1030 quod
567 955 618 1014 θε1
638 949 799 1026 hominis,
822 955 857 1013 ut
879 949 909 1014 ei
931 974 1060 1035 corpore
1086 954 1243 1015 seiunctus
1267 948 1357 1012 dolor

243 1053 328 1116 abac
343 1055 375 1114 et
388 1054 423 1113 ut
427 1051 567 1135 fruatur
581 1051 718 1116 iucundo
732 1077 827 1117 censa
839 1101 846 1115 .
865 1052 974 1132 itaque
988 1051 1187 1134 probandum
1205 1055 1253 1113 est
1269 1046 1356 1128 quod

244 1173 265 1215 a
283 1150 431 1216 Bentleio
453 1170 561 1215 secum
583 1152 849 1218 communicatum
873 1152 1065 1229 Creechius‚
1081 1152 1208 1216 nomine
1231 1150 1300 1214 eius
1321 1154 1356 1212 ut

244 1254 329 1318 solet
358 1270 555 1335 suppresso,
576 1251 697 1317 ‘forsan
722 1253 853 1319 rectius'
880 1273 952 1319 esse
983 1253 1078 1330 dicit,
1098 1278 1176 1317 cora
1202 1250 1354 1315 sanoru’

244 1369 411 1440 metuque:
425 1352 534 1433 itaque
550 1359 622 1418 ante
638 1374 694 1419 eos
710 1354 876 1420 Gifanius.
894 1356 951 1420 sed
966 1354 1043 1419 mihi
1057 1354 1178 1418 librarii
1199 1353 1233 1416 in
1248 1350 1355 1416 medio

246 1475 376 1539 qnoque
398 1454 511 1519 horum
533 1473 681 1519 versuum
703 1457 849 1522 ridentur
870 1457 905 1521 in
926 1483 942 1520 a
963 1457 1069 1519 littera
1089 1455 1169 1521 elisa
1184 1472 1356 1538 peccasse,

245 1564 281 1623 ut
301 1555 508 1622 scribendum
529 1556 570 1620 sit
590 1559 710 1621 unurr'
721 1559 861 1644 fruatur
876 1559 1019 1623 Iacaodo
1039 1583 1150 1639 censa,
1167 1578 1252 1634 non,
1269 1555 1355 1636 quod

246 1665 296 1726 est
316 1658 448 1723 minime
471 1656 625 1738 elegans,
641 1662 885 1745 merrtefraatcr
899 1686 992 1725 sercou
1006 1708 1013 1723 .
1029 1658 1112 1723 infra
1136 1658 1171 1723 in
1191 1657 1252 1723 hcc
1274 1657 1356 1721 libro

247 1767 311 1830 399
333 1761 438 1826 mella
461 1760 613 1846 tactisque
635 1762 773 1846 liquores
792 1762 937 1826 Iccuado
959 1787 1053 1826 seara
1076 1763 1204 1847 libycae
1225 1774 1357 1824 tracten-

248 1878 299 1928 tur
320 1864 357 1927 ν’νν
378 1885 451 1940 cre,
466 1881 533 1926 non
554 1864 685 1949 linqua.

335 1968 388 2032 21).
425 1964 628 2026 Lnnrunns
656 1985 880 2027 rcurnnnas.
905 1965 961 2032 Sic¹
990 1963 1147 2027 Maximus
1178 1961 1359 2028 Victorinus

249 2089 278 2150 p.
298 2070 381 2134 1967
399 2113 407 2127 .
426 2064 513 2148 apud
533 2064 728 2130 Macrobium
751 2066 876 2130 Satura.
899 2066 981 2131 libro
1005 2089 1047 2144 vr,
1064 2069 1084 2131 2
1110 2064 1187 2128 olim
1212 2064 1359 2147 impressi

250 2166 405 2252 (editione
425 2165 585 2231 Brixiensi
606 2166 683 2230 anni
703 2190 913 2231 uccconxxxv
935 2175 1026 2247 utor,
1042 2187 1146 2249 neque
1168 2186 1303 2248 usquam
1325 2165 1360 2228 in

249 2266 450 2333 Lucretiams
477 2287 553 2333 curo
580 2286 680 2337 novas
708 2273 825 2334 temere
852 2270 1075 2355 interpolatas)
1096 2268 1283 2354 Lampadas
1310 2270 1357 2330 ν’νν-

242 2373 358 2457 faus.

335 2476 388 2539 27.
409 2473 489 2537 Nnc
503 2493 626 2536 nouus
641 2494 811 2537 Ancnuro
827 2496 968 2538 suncnr
984 2496 1161 2545 innocua
1176 2495 1358 2537 ansioni.

252 2573 347 2658 Apud
370 2572 565 2653 binchium
577 2575 714 2661 scalpens
741 2581 772 2639 et
797 2577 970 2660 resideam
989 2576 1076 2659 quod
1092 2575 1251 2639 Marullus
1276 2574 1361 2639 male

253 2674 393 2758 recepit,
409 2675 485 2756 quia
505 2676 599 2741 buius
620 2680 733 2760 politae
756 2677 935 2759 elegantiae
956 2698 1068 2762 parum
1089 2676 1361 2742 accommodatum

203 2831 205 2860 ,
254 2783 318 2841 est.
337 2775 398 2841 sed
419 2777 517 2841 multo
541 2778 646 2842 minus
667 2777 795 2861 probari
824 2785 930 2862 potest
941 2781 1074 2867 falyet:
1094 2799 1169 2843 nam
1191 2776 1361 2842 Lucretius

203 2878 205 2957 ζ
253 2897 359 2961 neque
376 2880 487 2966 fulpeo
508 2898 643 2960 usquam
666 2878 765 2958 dixit,
787 2879 844 2945 sed
856 2881 956 2967 folqo
968 2930 977 2962 ,
998 2899 1101 2961 neque
1124 2879 1266 2964 syllabas
1289 2878 1361 2942 bre·
1419 2954 1423 2961 .

203 2976 205 2989 '
254 2999 305 3045 ves
329 2979 364 3043 in
387 2998 520 3045 caesura
533 2979 709 3063 producere
731 3001 830 3045 ausus
852 2986 919 3045 est.
936 3000 1036 3060 quare
1059 2980 1135 3049 mibi
1158 2981 1223 3044 veri
1239 2978 1361 3044 similli-

203 3078 205 3087 ¹
255 3102 339 3145 mum
360 3079 486 3146 videtur
508 3101 580 3145 eum
602 3080 770 3164 scripsisse
792 3097 921 3170 orpcoto
944 3104 1130 3145 runonurr
1152 3107 1291 3167 auroque
1313 3106 1360 3145 re-

254 3185 357 3249 nidet.
375 3189 512 3249 ceterum
525 3182 673 3268 plerique
687 3182 782 3249 hodie
797 3183 1002 3266 neglegentia
1016 3184 1210 3248 intolerabili
1236 3189 1268 3248 et
1289 3181 1362 3247 huic

255 3293 389 3371 poetae,
404 3285 459 3369 qui
480 3305 591 3350 versus
614 3305 690 3350 suos
712 3286 754 3350 ad
776 3287 922 3369 regulam
945 3292 976 3350 ct
995 3286 1148 3351 amussim
1164 3283 1361 3366 composuit,

256 3405 488 3472 quamcumque
517 3386 679 3452 licentiam
709 3388 928 3471 incuriamque
956 3394 1075 3453 temere
1102 3386 1310 3464 adscribunt,
1332 3391 1364 3450 et

257 3498 379 3556 ceteros
406 3489 440 3552 in
467 3488 673 3572 productione
700 3490 866 3567 brevium,
888 3484 970 3571 quac
992 3491 1026 3554 in
1048 3510 1197 3576 versuum
1220 3489 1364 3554 caesuris

256 3594 305 3673 lit,
328 3593 372 3656 ab
404 3611 466 3656 usu
491 3590 676 3672 Vergiliano
707 3593 804 3672 longe
837 3592 1010 3656 abhorrere
1043 3613 1083 3657 ne
1110 3591 1364 3679 animadvertunt

257 3695 409 3777 quidem.
430 3713 504 3757 nam
531 3693 619 3775 quod
645 3699 757 3776 poc'tae
780 3693 896 3760 Graeci
922 3694 956 3757 111
983 3699 1051 3758 arte
1081 3693 1267 3757 dominata
1293 3691 1364 3756 ausi

257 3801 347 3874 sunt,
368 3801 404 3859 ut
426 3813 522 3878 saepe
544 3814 657 3860 versus
679 3807 856 3879 pangerent
882 3797 934 3860 vix
960 3794 1067 3876 specie
1090 3793 1224 3871 ceteris,
1247 3794 1363 3874 quibus

256 3896 487 3976 interveniunt,
455 3897 649 3976 tsimiles,
674 3895 756 3964 (otte
778 3895 971 3985 κασίγνητε,
996 3889 1147 3961 cavavit
1170 3891 1207 3960 νύ
1229 3920 1283 3962 τοι
1307 3893 1363 3984 ὅρ-

257 3997 300 4067 κι’
327 3996 491 4082 ἔταμνον.
507 3993 722 4087 Εἱλααίνη
702 4026 740 4087 ηε
763 3997 892 4086 γάμος,·
908 3997 984 4067 ἐπεὶ
1007 3992 1065 4064 οὐκ
1088 3994 1203 4085 ἔρανος
1225 3994 1360 4117 riicy'
1452 4040 1454 4044 ν

258 4100 365 4171 ἐστίν.
382 4097 543 4190 Νῆσόςν’
560 4098 691 4189 Αἴγινα
708 4101 916 4190 ναυσικλείνη
938 4128 957 4167 α
959 4094 1136 4184 Εαβοια,
1150 4100 1256 4166 boc
1226 4124 1287 4168 msr
1278 4104 1363 4168 La·

258 4208 311 4272 tini
327 4206 472 4272 studiose
488 4206 661 4286 vitassent,
677 4227 789 4273 versus
803 4207 992 4291 peregrinos
1015 4205 1081 4269 suis
1096 4203 1278 4268 hominibus
1299 4226 1364 4269 non

259 4316 404 4394 poterant
423 4310 622 4395 approbare.
638 4311 746 4393 itaque
762 4311 893 4386 vocales
909 4311 1022 4373 breves
1038 4308 1071 4371 in
1087 4306 1172 4371 exitu
1192 4306 1364 4372 vocabulo-

261 4436 326 4479 rum
340 4413 463 4499 positas
475 4465 482 4492 ,
499 4419 624 4497 praeter
637 4413 718 4477 illud
733 4439 793 4498 que
804 4412 997 4494 geminatum
1010 4463 1018 4495 ,
1035 4412 1225 4494 Lauinaque
1238 4413 1363 4477 ίααναε-

262 4546 317 4605 que
328 4569 336 4601 ,
352 4521 575 4602 Noemonaque
594 4517 822 4602 Prytanimque
833 4567 842 4599 ,
864 4537 927 4597 quo
947 4514 1067 4599 primus
1086 4513 1175 4575 Maro
1197 4530 1274 4576 usus
1295 4516 1362 4587 est,

263 4624 359 4687 maior
370 4641 447 4705 pars
454 4617 620 4696 abstinuit,
632 4617 754 4681 nullum
765 4623 892 4700 poetam
899 4618 1045 4680 Latinum
1058 4613 1247 4700 produxisse
1258 4612 1363 4688 credo,

265 4723 318 4789 sed
332 4739 554 4809 quaecumque
568 4725 681 4786 <extant
695 4719 789 4786 huius
804 4719 950 4786 licentiae
966 4717 1112 4802 exempla
1129 4736 1149 4780 a
1164 4712 1302 4780 librariis
1315 4713 1364 4778 in·-
