3509 5442
782 416 827 481 ΠΙ
1296 422 1355 485 171

332 591 408 655 443.
432 606 661 651 corruamus
687 606 781 652 uano
798 635 805 650 .
825 588 875 651 Ita
891 586 1086 670 oblongus,
1107 588 1165 655 sed
1193 591 1244 654 eri
1264 588 1299 653 in
1320 587 1372 652 li-'

241 693 339 752 tura.
358 687 533 770 quadratus
555 691 695 754 cohibere
717 691 836 754 orello.
852 687 937 753 idem
958 691 1043 756 male
1066 694 1125 776 qui
1143 691 1265 756 eredes.

333 795 410 858 444.
434 791 609 856 Correus
632 813 852 862 on1uosrno
875 813 991 855 susus
1014 814 1126 855 uuors
1142 815 1357 856 mcoursns-

244 893 332 955 err?
348 891 567 958 Wakefieldus
589 895 809 959 iaoobibessit:
831 895 1007 958 iaoobebere
1029 894 1112 957 enim
1135 893 1211 958 dicit
1233 913 1304 958 esse
1324 894 1358 958 in

246 1012 284 1058 se
313 994 486 1059 oohibere.
508 1000 541 1059 at
567 993 643 1070 illae
672 994 755 1059 duae
785 992 1040 1078 praepositiones
1072 996 1179 1060 verbis
1200 995 1358 1079 praemitti

247 1115 312 1159 non
327 1100 483 1179 possunt,
499 1094 561 1159 nisi
583 1115 654 1159 oum
676 1096 777 1161 altera
792 1095 978 1160 substantivi
993 1114 1069 1176 pars
1092 1103 1159 1160 est:
1176 1097 1272 1178 idque
1293 1096 1358 1161 iao·

248 1200 314 1259 tum
346 1202 395 1262 est
421 1196 455 1261 in
477 1196 603 1262 duobus
625 1197 793 1262 simillimis
815 1198 897 1262 inter
920 1216 954 1261 se
976 1198 1160 1277 vocabulis,
1181 1218 1263 1282 quae
1285 1198 1359 1262 sunt

248 1299 448 1364 incomitiare
471 1303 503 1363 et
517 1300 742 1373 inconciliare.
759 1317 798 1362 ea
820 1298 1019 1381 significant,
1035 1298 1096 1363 nisi
1118 1299 1232 1379 fallor,
1245 1301 1279 1363 in
1300 1319 1359 1381 pu-

249 1397 370 1462 blicum
391 1400 560 1482 proicere.
580 1398 754 1465 Lambinus
777 1406 807 1463 et
828 1398 977 1464 Gitanius
999 1426 1050 1465 om
1073 1405 1236 1468 cohibeant
1246 1428 1257 1486 ,·
1272 1401 1359 1484 quod

249 1519 321 1564 oum
345 1500 571 1581 grammaticos
596 1506 721 1566 veteres
743 1521 800 1585 pro
828 1527 897 1567 eam
919 1500 1037 1565 dietum
1066 1505 1175 1568 testari
1197 1503 1357 1585 referunt,

248 1600 281 1662 id
296 1608 430 1666 narrant
452 1600 539 1684 quod
561 1621 622 1683 ego
638 1622 809 1684 numquam
824 1602 922 1668 didioi
936 1627 943 1666 :
957 1629 1025 1668 omn
1040 1603 1085 1668 ita
1099 1611 1224 1670 veteres
1239 1604 1358 1669 dixisse

249 1722 315 1766 non
337 1702 472 1784 ignoro.
489 1703 548 1770 sed
561 1703 747 1769 faoillimum
769 1703 827 1769 fuit
846 1704 880 1768 id
896 1704 1037 1770 invenire
1060 1726 1123 1788 quo
1139 1707 1239 1770 oratio
1262 1706 1359 1789 aptis-

250 1804 331 1868 sime
351 1804 514 1887 iungitur:
529 1806 564 1870 id
587 1811 635 1872 est
657 1810 762 1871 autem
778 1807 915 1892 Corpore
937 1809 997 1891 qai
1011 1821 1116 1872 nostro
1138 1833 1233 1873 rarus
1254 1812 1359 1895 mopis

249 1929 281 1969 rs
298 1909 545 1972 comnnssrr?
561 1910 589 1972 io
599 1957 609 1990 ,
626 1906 746 1972 soilioet
761 1913 834 1985 aer,
851 1926 923 1971 oum
943 1907 1045 1972 rarior
1059 1907 1099 1972 sit
1114 1930 1209 1990 quam
1225 1929 1357 1992 eorpus.

248 2009 432 2074 Madvioum
454 2010 538 2075 enim
559 2030 624 2074 non
637 2008 812 2090 intellego,
829 2029 901 2074 oum
921 2009 955 2073 in
971 2011 1132 2093 opuseulis
1151 2012 1259 2076 alteris
1274 2032 1304 2094 p.
1317 2018 1358 2080 66

250 2111 420 2177 cohibendi
445 2113 576 2178 verbum
604 2131 707 2193 neque
735 2108 778 2175 ad
806 2110 993 2175 sententiam
1025 2111 1099 2177 seni
1125 2132 1221 2196 posse
1254 2131 1360 2194 neque

249 2216 378 2295 tempus
400 2220 509 2297 aptum
531 2232 603 2279 esse
627 2211 722 2276 dicit.

339 2319 413 2383 449.
438 2337 637 2381 nunusrrs.
654 2314 822 2379 Correetor
845 2313 978 2397 oblongi
999 2338 1195 2380 nosusus,

339 2423 413 2486 450.
456 2440 602 2484 sunnon
627 2439 716 2479 nsr.
740 2416 905 2481 Correotor
938 2418 1084 2500 quadrati
1118 2425 1149 2484 et
1175 2420 1245 2484 Itali
1271 2442 1360 2484 suc-

252 2542 360 2584 rron.

339 2627 413 2691 453
437 2621 656 2687 ceremon
683 2642 1065 2699 runnurun‚nnn1nnr
1087 2646 1225 2687 nruoun
1247 2646 1358 2686 unus.

251 2723 345 2804 Itali,
365 2724 443 2789 item
473 2724 549 2790 olim
570 2722 718 2808 impressi
746 2728 777 2788 et
797 2724 975 2804 Marullus,
997 2728 1169 2812 lipposque
1193 2750 1360 2810 mensque.

253 2829 415 2890 eorreotor
429 2825 576 2907 quadrati
598 2826 714 2891 delirat
729 2826 841 2911 liapoo
850 2873 859 2907 ,
875 2826 980 2891 moder
1001 2852 1109 2910 meoe,·
1125 2825 1210 2908 quod
1233 2845 1251 2892 e
1267 2846 1361 2890 versu

251 2932 316 2996 479
341 2925 475 3009 petitum
501 2934 573 3008 est,
592 2926 714 3010 idque,
735 2931 770 2990 ut
796 2922 853 2990 alii
880 2924 1113 3007 observarunt,
1137 2926 1225 2992 ebrio
1257 2926 1361 3007 magis

253 3027 403 3094 convenit
425 3048 521 3112 quam
542 3029 631 3095 seni.
648 3028 809 3112 aptissime
832 3027 1008 3095 scribemus
1030 3053 1147 3093 ussus
1169 3053 1275 3093 meos.

339 3135 414 3200 456.
437 3154 473 3194 ru
502 3153 729 3195 nurnsacnrs
755 3152 876 3194 nunus
896 3129 1108 3206 ..Quadratus
1135 3135 1169 3197 oia
1193 3131 1362 3195 altomeris

254 3235 342 3298 alta.
359 3232 509 3316 impressi
529 3237 563 3299 in
586 3235 669 3298 altos
690 3253 797 3294 surus
821 3258 941 3298 aoros.
1390 3300 1395 3312 J

339 3339 414 3404 458.
440 3335 631 3400 Caesones
654 3357 696 3397 nr
711 3356 826 3398 nocer
842 3356 952 3398 sruun
967 3358 1064 3400 ruvo
1084 3358 1195 3399 russi
1209 3356 1361 3396 rssrrs.

253 3440 296 3503 Er
315 3459 360 3500 ur
378 3437 474 3502 docui
486 3441 646 3503 oorreotor
661 3434 827 3519 quadrati,
842 3438 918 3502 item
933 3437 1109 3503 Brixiensis
1124 3443 1156 3503 et
1170 3435 1261 3502 Itali.
1276 3436 1361 3500 idem

254 3544 417 3605 corrector
431 3544 463 3602 et
476 3538 630 3603 Marullus
634 3541 765 3625 fatiscit
777 3563 787 3602 .·
802 3537 862 3603 sed
884 3544 969 3604 reete
983 3539 1054 3603 Itali
1077 3545 1107 3603 et
1126 3539 1202 3602 olim
1215 3536 1362 3619 impressi

253 3664 423 3717 narrem,
443 3644 478 3703 ut
498 3639 531 3705 in
548 3662 578 3718 v,
594 3646 678 3709 308.

340 3747 416 3813 462.
439 3764 684 3806 nnsrrcrnnu.
701 3741 869 3808 Gerreotor
893 3742 1022 3824 oblongi
1045 3761 1292 3804 rasrrcrrnu.

340 3850 415 3914 470.
439 3865 580 3908 narnien
602 3832 914 3908 nncnssusr.ltali
937 3851 968 3910 et
983 3841 1157 3908 Brixiensis
1180 3841 1277 3907 editio
1300 3863 1363 3905 rn-

254 3969 397 4014 runnu.
413 3965 508 4012 versu
529 3944 674 4029 proximo
697 3945 821 4010 Nonius
843 3945 941 4009 utitur
954 3966 985 4028 p.
1001 3950 1072 4026 199,
1084 3950 1125 4013 4.

340 4053 416 4118 472.
439 4050 522 4115 Nan
536 4068 655 4112 nonos
673 4070 717 4111 uc
733 4069 876 4112 nonnus
890 4095 897 4110 .
913 4047 985 4112 Itali
1007 4052 1038 4113 et
1051 4046 1199 4130 impressi
1220 4069 1362 4111 nonos.

342 4151 417 4219 474.
439 4154 513 4220 475.
535 4151 587 4214 Er
615 4171 783 4221 ououmu
810 4171 958 4213 urrunnu
989 4170 1121 4212 sanarer
1150 4171 1291 4213 coneus
1319 4172 1363 4213 ur

254 4276 410 4319 sunnon
436 4254 487 4317 Er
520 4272 682 4315 rnnrrnn
718 4274 868 4315 urrunnu
902 4272 1036 4315 sunum
1069 4273 1208 4315 cornus
1241 4274 1362 4315 mum.

255 4360 349 4424 Haeo
370 4355 525 4420 Marullus
552 4352 757 4437 interpolavit
785 4353 828 4419 ad
850 4353 1031 4438 exemplum
1053 4372 1166 4419 versus
1180 4357 1241 4422 511
1256 4404 1264 4432 ,
1279 4356 1364 4419 Nau-

255 4459 367 4543 gerius
387 4463 472 4523 reete
493 4455 631 4522 delevit.

342 4564 418 4631 476.
439 4561 614 4634 Dnuroun
642 4579 711 4624 con
739 4581 935 4625 uourunu.
959 4558 1128 4627 Correotor
1160 4552 1306 4642 quadrati
1332 4558 1366 4620 et
