3509 5442
315 514 378 581 408
848 505 894 572 VI

232 736 234 742 .
316 684 444 756 tamen,
461 696 532 742 cum
550 681 674 742 veteres
696 674 774 740 talia
795 694 860 740 non
882 680 945 738 tam
970 674 1167 758 quaesivisse
1191 695 1291 758 quam
1313 677 1424 744 vitasse
1472 752 1474 759 k

317 776 623 856 animadverterem,
646 797 720 841 mox
746 776 928 842 iudicabam
954 776 1024 841 veri
1051 776 1187 842 similius
1216 797 1290 844 esse
1316 780 1424 846 Lucre

317 881 396 946 tium
418 880 463 944 ita
484 880 673 965 scripsisse,
690 880 815 965 Effluet
837 881 1013 944 tenebrosius
1036 882 1133 966 quasi
1151 905 1223 946 vcra
1245 895 1276 946 et
1298 886 1424 948 uectari‘

319 984 452 1048 lirratus.
469 1002 543 1047 nam
559 981 683 1046 Nekius
706 977 748 1044 ad
770 980 866 1045 Diras
888 1001 919 1065 p.
932 984 995 1049 ‘238
1019 999 1074 1046 our
1091 980 1252 1046 Catullum
1277 984 1425 1050 ambrosio

320 1083 454 1168 primum
478 1084 585 1150 dicere
607 1102 719 1147 ausum
742 1098 814 1146 csse
836 1081 1053 1164 suspicaretur
1079 1102 1143 1147 non
1163 1082 1338 1168 videbam,
1361 1105 1427 1151 cnm

318 1185 505 1271 praesertim
528 1205 568 1250 ne
591 1182 713 1249 dixisse
736 1182 864 1266 quidem
891 1183 925 1247 id
948 1183 1107 1248 Catullum
1130 1184 1344 1251 concederem
1366 1207 1427 1251 ear-

321 1287 405 1352 mine
421 1291 548 1365 99,13.
572 1284 699 1349 tandem
723 1304 799 1350 vero
822 1284 965 1351 intellexi
987 1284 1060 1350 huic
1081 1292 1195 1370 poetae
1224 1307 1294 1351 non
1314 1287 1427 1353 tamid

320 1388 408 1470 quod
430 1387 700 1470 elegantissimum
717 1393 821 1466 esset,
838 1407 933 1470 quarn
950 1387 1035 1468 quod
1051 1386 1345 1471 simplicissimum,
1360 1410 1428 1455 oon·

319 1489 449 1555 venire:
476 1489 509 1553 id
540 1494 589 1554 est
616 1493 722 1551 autem
743 1490 868 1575 Efflnat
894 1511 1112 1554 sunnosrss
1141 1505 1169 1555 ct
1196 1494 1334 1557 nectari’
1357 1494 1426 1558 liuc-

321 1605 390 1672 tas,
413 1591 506 1674 eique
529 1590 689 1656 simillima
710 1595 758 1654 est
774 1589 926 1673 Cyclopis
941 1592 1101 1657 Homerici
1122 1611 1205 1674 vox,
1222 1611 1323 1674 quam
1338 1614 1359 1658 a
1372 1594 1428 1658 Lu·

322 1692 419 1758 cretio
442 1712 626 1776 expressam
649 1710 720 1757 esse
743 1710 837 1755 nemo
860 1690 1006 1757 dubitare
1020 1698 1145 1776 potest,
1162 1688 1270 1759 Ἀλλὰ
1286 1689 1357 1762 τόδ’
1373 1690 1429 1776 ἆμ-
1454 1757 1459 1764 .

321 1791 459 1880 βροσίης
475 1793 532 1860 καὶ
547 1789 702 1880 νέκταρός
718 1792 806 1859 e'ortr
821 1788 996 1878 ἅπορρώξε
1010 1790 1191 1880 ἀπορρῶγα
1207 1796 1295 1860 enim
1311 1803 1429 1864 veteres

321 1895 567 1980 interpretantur
590 1891 781 1983 ἀπορροήν,
802 1898 983 1984 effluerem.
1002 1897 1043 1962 de
1058 1923 1078 1962 a
1094 1896 1251 1980 producto
1273 1905 1379 1963 autem
1400 1899 1431 1964 in

323 1997 505 2063 nominibus
528 1999 658 2065 Graecis
686 1999 985 2064 commemoratione
1012 1998 1144 2080 dignum
1172 2006 1222 2065 est
1249 2020 1292 2065 ex
1316 2021 1356 2067 eo
1378 2021 1431 2083 ge·

322 2119 399 2166 nere
422 2098 500 2164 nihil
522 2099 660 2180 habere,
684 2107 834 2184 quantum
858 2100 987 2182 quidem
1009 2100 1167 2179 sciamus,
1186 2100 1350 2181 Ennium,
1373 2110 1431 2167 tra·

322 2201 433 2285 gicos,
455 2202 657 2286 Terentium,
681 2203 858 2281 Lucilium,
881 2204 1076 2281 Varronem,
1098 2202 1307 2283 Lucretium,
1331 2204 1430 2270 Catul-

323 2302 410 2380 lum,
433 2303 620 2368 Horatium.
645 2324 708 2386 quo
731 2304 765 2368 fit
791 2310 825 2369 ut
845 2323 945 2389 prope
969 2310 1076 2388 putem
1099 2304 1132 2367 in
1154 2304 1225 2384 his,
1248 2307 1340 2371 utin
1363 2306 1431 2371 aliis

323 2401 476 2482 Graecis,
500 2403 541 2469 de
564 2405 678 2487 quibus
695 2407 793 2471 Varro
816 2406 849 2471 in
869 2428 891 2470 x
910 2406 950 2471 de
973 2406 1083 2487 lingua
1095 2405 1211 2471 Latina
1225 2428 1256 2491 p.
1270 2413 1336 2478 583
1351 2415 1430 2487 584,

322 2522 387 2569 non
415 2505 550 2570 eandem
571 2527 683 2573 omnes
706 2508 966 2573 consuetudinem
989 2514 1115 2573 secutos
1138 2527 1230 2574 esse.
1254 2528 1316 2575 nee
1338 2510 1431 2575 debe

321 2604 396 2670 bam
420 2605 584 2692 omittere,
608 2627 702 2692 quem
724 2609 897 2673 admodum
919 2610 1084 2675 heroidum
1105 2610 1314 2694 epistularum
1337 2612 1432 2696 scrip

323 2710 372 2772 tor
393 2708 513 2774 Aethra
536 2710 627 2775 Leda
653 2710 757 2775 vocali
780 2715 925 2795 correpta
948 2709 1046 2791 dixit,
1070 2711 1227 2777 Catullum
1249 2732 1381 2797 quoque
1401 2714 1432 2778 in

323 2807 496 2890 galliambo
513 2811 678 2894 scripsisse
692 2813 882 2898 Trepidante
896 2839 965 2879 carra
979 2816 1094 2900 recepit
1106 2813 1165 2878 dea
1176 2813 1333 2880 Pasithea
1344 2819 1431 2882 aiau.

324 2907 383 2976 sed
396 2911 539 2997 Pyrrhia
549 2964 557 2995 ,
575 2911 662 2994 quod
676 2914 827 2979 Horatius
850 2914 946 2980 habet
967 2917 1026 2981 hoc
1047 2934 1162 2994 versu,
1184 2917 1225 2982 Ut
1240 2919 1355 2983 vinosa
1368 2919 1432 3004 plo·

324 3035 394 3076 mua
406 3011 554 3096 furtivae
569 3016 710 3102 Pyrrhia
734 3018 845 3101 lanae,
862 3037 969 3101 neque
985 3018 1128 3083 Graecae
1147 3036 1253 3100 neque
1269 3019 1433 3085 Romanae

323 3111 459 3179 feminae
482 3134 600 3182 nomen
622 3121 688 3200 est,
706 3137 765 3183 neo
779 3124 884 3201 potest
905 3120 1043 3186 dubitari
1064 3120 1141 3203 quin
1163 3119 1245 3184 illud
1260 3139 1282 3185 a
1295 3120 1432 3186 librariis

323 3214 368 3280 ita
389 3223 570 3299 corruptum
593 3218 652 3283 sit.

410 3321 482 3386 972.
511 3317 592 3396 Qus
620 3344 724 3385 nrum
752 3345 820 3386 ssu
843 3345 978 3387 uournr
1001 3347 1101 3397 ouon
1124 3345 1264 3388 ulmus
1288 3347 1431 3390 rnonnn

324 3439 368 3482 sc
390 3440 549 3483 nascar.
572 3422 620 3485 lta
641 3423 743 3507 prima
765 3446 861 3490 manu
884 3426 1042 3508 oblongus
1068 3435 1189 3508 casea,
1213 3444 1233 3489 a
1256 3433 1432 3493 correctore

325 3533 442 3586 castet:
459 3518 631 3602 quadratus
648 3540 743 3591 estet.
761 3529 846 3614 qaod
858 3550 1022 3593 surmus
1037 3549 1236 3593 raounnsr
1252 3528 1331 3593 olim
1346 3528 1431 3594 Itali:

325 3620 402 3706 sed,
420 3621 507 3706 quod
523 3621 692 3711 indignor,
710 3630 780 3707 Qua
796 3652 886 3694 usos
907 3649 1001 3696 nemo
1025 3629 1226 3695 scribendum
1248 3630 1350 3711 vidit,
1366 3630 1432 3697 sine

325 3743 388 3807 quo
409 3723 616 3808 lepidissimis
638 3729 803 3795 versiculis
825 3752 885 3797 sua
907 3732 1068 3814 elegantia
1090 3751 1155 3796 non
1176 3739 1321 3798 constat.

409 3831 481 3896 973.
511 3829 683 3901 Dnnroun
711 3854 951 3899 usasoruuu.
981 3834 1159 3900 Brixiensis
1189 3834 1287 3901 editio
1315 3839 1431 3902 arnari-

325 3951 414 4012 cam,
437 3930 593 3996 Marullus
614 3954 883 3999 sunascruuu.

411 4035 482 4098 977.
505 4033 899 4116 Srunc1r1ns,nunnu
927 4062 1042 4104 sunus
1070 4062 1167 4104 nnnc
1190 4063 1357 4106 crvuuns
1379 4064 1432 4105 vr·

323 4151 467 4196 nnrun.
497 4132 680 4221 Quadratus
708 4142 783 4204 iaec
810 4142 1063 4226 inonda.apud
1089 4142 1229 4208 Nonium
1256 4165 1288 4227 p.
1301 4149 1378 4224 394,
1393 4148 1431 4212 21

324 4231 496 4317 Spurcits'r'a
509 4236 590 4301 idem
601 4242 658 4304 aab
670 4242 811 4307 rutunda
822 4245 946 4310 uidetur
958 4296 965 4311 .
981 4253 1065 4311 recte
1076 4244 1230 4310 Marullus
1244 4268 1283 4311 ru
1291 4268 1431 4331 cusos,

322 4331 431 4415 itaque
452 4335 609 4403 Antonius
630 4341 722 4405 Marii
750 4346 909 4411 iocunda.
935 4366 1006 4411 eum
1035 4367 1169 4414 caenum
1196 4348 1291 4414 nobis
1318 4355 1433 4416 taeter·

322 4434 403 4500 rima
425 4434 465 4500 sit
482 4438 669 4521 spurcities,
685 4443 784 4510 subus
806 4447 919 4513 eadem
941 4448 1021 4515 haec
1042 4450 1133 4514 caeni
1154 4451 1324 4535 spurcities
1347 4452 1434 4517 vide-

322 4541 374 4602 tur
391 4539 530 4604 incunda
545 4561 636 4608 esse.
652 4544 741 4610 nulla
756 4566 854 4615 causa
876 4557 944 4616 erat
966 4571 1021 4618 aur
1042 4550 1121 4617 haec
1135 4552 1313 4621 Lambinus
1328 4575 1434 4641 repre-

322 4637 493 4724 henderet,
515 4642 577 4710 nisi
600 4646 686 4731 quod
706 4646 851 4717 Gifanius
873 4651 925 4719 hic
947 4653 1123 4740 aliquando
1142 4673 1255 4723 vorum
1277 4656 1433 4725 vidisset..
