3509 5442
771 563 815 631 tv
1283 571 1348 639 243

280 744 297 773 ⁸
327 741 403 807 570.
427 737 527 802 Psns
559 757 707 800 sonmrs
734 756 870 799 snnrss
902 757 1010 799 noers
1045 758 1204 801 nnrners
1232 761 1347 804 sono·

242 846 315 903 narr
337 838 626 904 Rnnn1r.Reote
655 842 813 904 eorreotor
834 837 980 922 quadrati
1007 843 1038 901 et
1059 838 1211 905 Marullus
1238 863 1346 906 noers

243 945 377 1025 reiecta,
395 947 430 1006 ut
443 939 539 1025 paulo
553 945 627 1025 post
637 945 699 1009 578
715 942 846 1006 collibus
861 943 955 1006 verba
966 941 1183 1027 repulsantes:
1198 961 1236 1006 eo
1252 944 1347 1009 modo

243 1042 406 1132 replentur
423 1045 493 1109 toea
507 1044 633 1109 vocitas
645 1047 729 1121 6073
746 1043 858 1125 nequis
880 1042 963 1109 fone
978 1041 1150 1124 coniungat
1171 1045 1283 1111 solidae
1305 1047 1319 1109 l
1336 1088 1347 1097 -

245 1147 290 1211 eis
300 1197 310 1231 ,
327 1145 414 1228 quod
436 1144 576 1211 debebat
596 1163 668 1209 esse
684 1145 795 1210 saisitis
817 1147 914 1211 solta.
933 1147 1001 1210 loca
1023 1143 1108 1208 enim
1130 1150 1202 1209 sunt
1215 1160 1349 1212 naturae

246 1249 404 1327 emnam,
425 1266 506 1331 quas
526 1246 664 1313 breviter
690 1245 767 1311 dioit
788 1262 922 1312 naturae
944 1246 1054 1311 (litero
1078 1246 1118 1312 de
1140 1254 1253 1312 natura
1273 1248 1349 1313 deo-

245 1369 313 1413 rum
333 1371 367 1427 11,
389 1353 476 1427 144,
500 1349 585 1435 quod
611 1349 661 1412 tia
688 1351 813 1413 notaris
845 1351 964 1414 relatus
997 1349 1209 1434 annolifieatur
1234 1375 1348 1416 sonno.

246 1447 679 1523 Wakefielduslliohstadius
694 1450 849 1533 Forbiger
871 1452 1103 1538 inpietatem,
1120 1451 1206 1534 quod
1220 1451 1351 1518 ridicule

246 1552 493 1636 interpretarer
515 1554 612 1639 quasi
631 1552 715 1636 lepte
736 1554 888 1617 reiectus.

334 1662 408 1725 576.
431 1678 475 1719 nr
500 1675 650 1718 naeuus
672 1674 877 1718 nrsrnasos
905 1674 1002 1717 vocn
1024 1677 1186 1720 erenum.
1208 1655 1352 1734 Quadra-

246 1765 297 1825 llls
319 1783 456 1846 mapnns
479 1757 661 1843 desperans.
683 1755 750 1821 eius
772 1761 932 1821 eorreetor
957 1778 1085 1822 nuens
1107 1757 1285 1845 dispersos.
1308 1759 1354 1825 sio

246 1860 320 1926 Itali
342 1865 374 1926 et
394 1857 560 1942 impressi.

336 1956 412 2030 577ss
433 1982 527 2024 noos
557 1981 695 2024 vrnnnn
723 1981 844 2026 ononn
872 1981 1010 2040 soors.
1037 1960 1111 2026 Itali
1143 1966 1175 2028 et
1205 1959 1353 2046 impressi

252 2086 333 2128 vrnr
354 2084 527 2126 nnnnnnn
542 2087 649 2129 voees.

337 2170 412 2236 578.
435 2186 496 2229 rrs
523 2185 661 2229 conans
689 2186 865 2230 coamens
893 2187 966 2229 ress
992 2165 1118 2230 Venas
1147 2188 1354 2250 1111111811,-
1393 2197 1396 2202 ·

252 2290 315 2332 res
338 2289 546 2331 rrnassssr
568 2289 681 2331 mers
703 2289 861 2331 annnam
875 2317 882 2331 .
898 2269 934 2331 In
956 2266 1006 2332 his
1028 2286 1132 2349 neque
1154 2269 1249 2333 verba
1270 2269 1355 2334 dieta

251 2371 491 2455 ferri-possunt,
507 2388 609 2451 neque
625 2370 780 2435 iterabant
794 2370 925 2459 efferri.
937 2371 1017 2455 spara
1028 2369 1224 2435 Veronensis
1239 2371 1354 2451 edilia,

251 2472 427 2552 Marullus,
450 2471 545 2536 ceteri
573 2476 646 2536 ante
675 2469 908 2535 Wakefieldum
927 2495 934 2534 :
955 2471 1012 2536 sed
1038 2471 1190 2535 Marullus
1215 2474 1356 2560 efferre,

251 2573 417 2641 Bentleius
441 2575 596 2638 iterabant
623 2576 686 2638 tete
708 2563 828 2659 efferre
839 2623 847 2655 ,
869 2592 936 2636 non
957 2578 1060 2637 reete.
1082 2591 1155 2636 nam
1179 2591 1280 2655 neque
1302 2577 1357 2641 ite·

252 2703 328 2743 rare
350 2673 536 2740 infinitivum
564 2673 626 2738 sibi
652 2673 782 2755 adiungi
804 2673 940 2756 patitur,
963 2678 1112 2756 quantum
1141 2673 1208 2737 seio
1220 2696 1228 2751 ;
1250 2694 1359 2756 quam-

254 2800 351 2862 quam
379 2776 554 2842 orationem
582 2776 743 2859 obliquam
766 2774 927 2839 subiunxit
947 2775 1069 2858 Attius,
1091 2777 1172 2840 itera
1197 2777 1232 2839 in
1253 2779 1359 2862 quibo’

251 2882 402 2968 partibus
412 2892 540 2945 -et
556 2904 616 2965 quo
631 2881 732 2965 eaptu'
747 2877 837 2942 modo
849 2927 857 2958 ,
863 2878 1042 2961 fortunatae
1057 2878 1195 2961 auferte
1208 2893 1359 2964 repertas,

255 2982 342 3067 apud
361 2981 499 3048 Nonium
514 3001 545 3065 p.
558 2985 621 3050 425
634 3031 641 3058 ,
658 2984 689 3045 et
703 2978 886 3063 Propertius
901 2976 1020 3063 (neque
1043 2979 1128 3044 euim
1150 2978 1268 3044 mutari
1289 3000 1361 3045 sen·

256 3083 405 3169 lentiam)
418 3083 600 3170 (helproeul
609 3083 739 3149 Alcides
750 3085 843 3148 iterat
853 3104 1006 3166 responso
1018 3082 1068 3146 det
1075 3130 1084 3163 ‚
1096 3104 1117 3159 1,
1124 3084 1174 3159 20,
1188 3084 1245 3148 49:
1257 3100 1361 3163 neque

257 3191 321 3252 iata
336 3187 467 3252 collibus
481 3187 575 3250 verba
586 3183 698 3248 Latine
720 3183 781 3248 diei
801 3182 831 3247 is
851 3186 946 3264 poeta
962 3201 1056 3265 quem
1071 3181 1233 3247 Bentleius
1255 3188 1363 3248 auoto-

220 3269 239 3303 ³
258 3309 325 3355 rem
349 3287 438 3352 dedit
450 3284 642 3371 persuadet.
660 3290 708 3351 est
730 3285 813 3349 enim
834 3283 863 3347 is
878 3281 1012 3366 scriptor
1027 3282 1152 3364 elegiae
1176 3283 1210 3347 iu
1232 3290 1363 3351 mortem

258 3390 378 3474 Drusi,
399 3407 494 3471 quam
522 3386 589 3452 seio
611 3386 783 3471 Hauptium
809 3405 914 3451 meum
940 3385 1071 3451 saeoulo
1092 3407 1136 3447 xv
1161 3391 1270 3451 natam
1292 3407 1364 3454 esse

261 3489 439 3575 suspicari:
455 3507 559 3571 neque
581 3487 657 3552 mihi
682 3489 752 3554 eius
773 3506 884 3553 versus
899 3491 982 3570 220,
999 3487 1053 3570 qui
1075 3491 1124 3551 est
1143 3485 1238 3553 huius
1258 3487 1364 3571 modi,

261 3595 304 3658 At
319 3615 383 3657 voa
397 3591 539 3656 adversis
554 3591 684 3655 collibus
699 3594 762 3656 ieta
775 3591 876 3672 redit,
893 3587 1088 3671 antiquitatis
1107 3588 1244 3655 eolorem
1262 3594 1365 3656 osten-

262 3694 341 3760 de're
362 3691 507 3776 videtur,
525 3691 577 3758 eui
592 3692 783 3757 conveniunt
804 3691 909 3775 potius
924 3691 1017 3755 eolles
1032 3714 1103 3754 vose
1117 3692 1176 3754 iett'
1188 3696 1219 3754 et
1233 3686 1367 3757 clamere

261 3808 381 3866 montes
401 3795 475 3877 teti,
496 3793 551 3876 qui
574 3798 647 3859 sunt
668 3792 701 3857 in
722 3793 803 3859 libro
819 3816 852 3876 11,
864 3797 947 3861 328.
967 3810 1051 3855 nune
1077 3789 1117 3854 de
1138 3788 1188 3854 his
1210 3791 1368 3873 Hauptius

262 3897 332 3981 ipse
362 3893 441 3959 dixit
468 3895 502 3958 in
527 3900 763 3978 programmate
790 3894 953 3976 eleganter
978 3891 1114 3976 soripto,
1138 3889 1224 3972 quod
1250 3891 1368 3958 editum

264 4003 312 4065 est
326 3996 430 4082 pridie
444 3996 483 4060 Κ.
498 3996 671 4062 Novembr.
686 4001 778 4081 1849,
794 4017 823 4079 p.
837 4000 899 4063 26.
915 4013 1019 4077 neque
1034 4012 1094 4075 ego
1110 4018 1193 4058 sano
1208 3996 1271 4058 ieta
1286 4015 1369 4077 quae

264 4101 329 4168 siut
348 4099 383 4165 in
398 4098 505 4165 Ovidii
518 4088 652 4164 tristium
666 4121 700 4178 11,
715 4101 753 4167 16
772 4096 944 4181 intellege,
962 4095 1020 4161 sed
1041 4100 1116 4178 puto
1131 4099 1257 4178 poetam
1272 4098 1371 4182 scrip

265 4203 348 4269 sisse
362 4203 457 4267 Tecto
470 4226 586 4267 mentor
600 4200 703 4287 refero
718 4226 830 4266 rursus
846 4200 891 4264 ad
900 4203 963 4264 ieta
975 4199 1104 4286 pedem,
1122 4199 1281 4280 quomodo
1293 4200 1373 4265 dixit

265 4303 299 4369 in
313 4327 344 4388 v,
356 4309 389 4381 4,
400 4307 445 4370 34
454 4303 521 4368 Nee
531 4304 644 4368 uellent
654 4304 734 4366 ictae
747 4303 841 4367 limen
853 4301 945 4366 edere
957 4301 1066 4366 domus
1078 4348 1086 4364 .
1100 4298 1199 4363 nihilo
1212 4301 1315 4367 minus
1326 4303 1372 4372 td-

266 4405 303 4470 tii
331 4403 443 4470 sedem
464 4401 627 4467 Bentleius
659 4407 724 4466 tum
746 4409 832 4468 reete
853 4402 1017 4488 perspexit
1039 4399 1166 4486 (postea
1186 4401 1228 4465 ad
1249 4402 1373 4466 Horatii

267 4525 452 4573 sermonum
474 4503 589 4569 librum
604 4527 626 4588 1,
637 4508 699 4582 3,'l
726 4505 874 4587 'probavit
894 4502 1151 4587 Mamilianum):
1174 4503 1373 4570 scribendum

267 4614 317 4677 est
333 4608 419 4672 enim
433 4627 557 4671 noers
571 4607 708 4693 efferri.
723 4604 768 4670 ita
783 4605 868 4691 apud
883 4605 1048 4672 Horatium
1064 4607 1168 4670 amate
1182 4605 1305 4670 Doctusv
1314 4605 1374 4668 iter

1113 4706 1176 4774 16*
