3509 5442
805 575 820 638 1
1327 583 1369 647 at

251 745 382 808 troliano
405 743 526 832 ileliae.
543 745 716 810 cotrcmm'ces
738 743 840 826 prima
861 743 961 824 longa
974 745 1106 812 Plautus
1129 753 1160 811 el
1182 748 1365 814 Lueretius:

250 847 337 909 Eece
361 849 534 911 coturnices
550 845 703 922 Ovidius,
719 845 794 908 item
810 845 989 910 luvenalis.
1006 851 1120 912 nitram
1143 850 1248 913 media
1269 850 1367 931 langa

250 946 446 1026 Terentius,
465 949 650 1026 LucretiuS,
671 946 883 1012 Prudentius:
908 968 990 1013 unus
1019 948 1101 1015 inter
1129 970 1239 1015 omnes
1266 951 1367 1016 Hora-

249 1047 316 1111 tius
329 1047 398 1125 Qui
410 1050 506 1114 eadm·
517 1053 627 1115 caetis.
643 1051 777 1130 radere,
796 1047 882 1129 quod
897 1055 945 1112 est
956 1050 1137 1130 asinorum,
1153 1053 1282 1117 Persius
1294 1074 1366 1136 pro-

251 1148 347 1212 duxit
363 1151 472 1230 solus,
489 1152 585 1217 ceteri
608 1151 800 1234 corripiunt.
817 1149 862 1213 ita
880 1153 1032 1217 vacillare
1054 1173 1151 1236 saepe
1173 1154 1276 1236 prima
1298 1175 1366 1218 eor·

251 1257 346 1334 repta
357 1253 544 1333 LucretiuS,
561 1253 645 1318 idem
663 1253 763 1318 semel
776 1252 810 1315 in
822 1274 872 1328 111,
887 1258 950 1319 504
967 1256 1046 1318 Tam
1063 1259 1160 1340 qnasi
1171 1259 1366 1321 vaccillans:

251 1353 301 1417 sie
316 1354 364 1418 ibi
379 1356 603 1434 membranae,
621 1362 652 1420 et
666 1354 752 1438 apud
767 1353 906 1418 Nonium
921 1375 951 1436 p.
966 1360 1022 1432 34,
1040 1359 1081 1422 23
1094 1361 1134 1423 27
1151 1361 1320 1424 caecillare
1336 1364 1367 1423 et

251 1458 466 1541 vaccillante,·
482 1457 568 1539 quod
591 1457 638 1535 si,
654 1463 688 1521 ut
706 1455 850 1532 videtur,
867 1475 888 1517 a
902 1481 998 1520 vacca
1013 1457 1129 1523 factum
1146 1466 1214 1538 est,
1229 1459 1263 1523 in
1285 1461 1365 1540 hoc,

251 1556 337 1620 utin
355 1558 469 1625 Catillo
485 1558 551 1624 sive
570 1561 694 1625 Oattlllo
718 1564 748 1621 et
764 1558 884 1638 Gatilo,
901 1556 977 1621 item
998 1558 1031 1622 in
1046 1560 1143 1643 osella
1159 1566 1190 1624 et
1203 1564 1364 1646 mamilla,

252 1667 470 1726 consonantes
497 1661 640 1738 variant,
660 1661 693 1724 in
720 1658 832 1724 ceteris
862 1660 1010 1725 vocales.
1034 1660 1177 1726 similiter
1202 1666 1366 1729 Pincianae

252 1787 351 1826 aaran
367 1762 531 1841 Catullus,
547 1763 792 1828 tintinnabulum
815 1760 855 1825 de
875 1762 970 1843 gallis
985 1763 1108 1845 agyrtis
1123 1764 1264 1828 Lucilius
1279 1764 1364 1847 apud

251 1863 397 1928 Nonium
408 1887 439 1949 p.
451 1871 530 1943 490,
539 1869 581 1931 24
595 1871 626 1928 et
636 1862 795 1927 luvenalis
809 1866 1038 1941 tintinnabula,
1051 1868 1145 1930 timim
1156 1867 1365 1930 Terentianus

251 1968 385 2031 Maurus
397 1970 460 2035 232
472 2019 479 2045 ,
493 1965 588 2031 ceteri
611 1967 744 2042 tinnire,
761 1967 925 2030 Porsenna
948 1965 1033 2048 apud
1057 1967 1231 2047 Vergilium
1251 1969 1366 2033 Aenei-

252 2067 312 2132 dos
334 2074 517 2146 v111‚e46‚
539 2068 567 2132 si
595 2067 704 2131 Servio
735 2073 766 2130 et
791 2065 944 2131 Mediceis
971 2069 1162 2134 membranis
1189 2069 1270 2134 fides
1297 2077 1364 2151 est,

253 2171 308 2252 qui
333 2171 440 2234 media
461 2171 551 2235 brevi
568 2172 709 2234 Porsena
724 2168 855 2232 Horatio
872 2167 951 2232 Silio
967 2169 1124 2232 Martiali.
1141 2171 1270 2236 nomina
1292 2194 1365 2255 prc-

251 2273 323 2354 pria
345 2273 490 2338 locorum
517 2293 581 2335 non
603 2271 778 2351 attingam,
793 2271 827 2333 in
850 2291 931 2351 quae
956 2277 1106 2351 quantum
1129 2273 1217 2354 vulgi
1240 2275 1364 2339 mobili-

252 2373 310 2437 tati
334 2373 459 2437 licuerit
479 2394 571 2438 nemo
587 2372 733 2454 ignorat,
749 2373 810 2437 hoe
830 2378 950 2436 tautum
973 2372 1045 2436 dico
1059 2372 1116 2450 ,in
1136 2372 1207 2456 ipsa
1229 2377 1306 2440 urbe
1323 2376 1363 2442 de

252 2475 334 2538 locis
360 2475 571 2540 nobilissimis
604 2473 780 2538 dubitatum
809 2494 908 2539 esse.
936 2473 1079 2538 Lucilius
1108 2475 1195 2557 apud
1225 2479 1363 2541 Nonium

251 2598 281 2660 p·
298 2581 382 2655 462,
396 2582 436 2646 28
454 2578 560 2643 Calca’
576 2578 730 2642 Palatina
745 2577 896 2662 quidam,
915 2581 962 2641 alr
983 2601 1044 2641 mon
1060 2576 1152 2662 (libri
1167 2581 1217 2643 vir
1231 2578 1363 2663 nobile)

252 2681 344 2743 lona'
368 2681 466 2760 bella,
481 2698 586 2760 neque
608 2676 700 2741 aliter
721 2697 855 2758 usquam
871 2677 1052 2759 Vergilius,
1069 2677 1238 2757 Horatius,
1254 2677 1364 2742 ribul-

251 2780 324 2857 lus,
347 2780 551 2863 Propertius,
573 2779 731 2856 Ovidius,
751 2779 922 2858 Lucanus,
944 2777 1155 2859 Calpurnius,
1175 2779 1362 2843 Petronius:

252 2880 341 2958 Quid
362 2882 468 2965 placet
490 2888 545 2945 aut
567 2881 640 2945 odio
663 2886 731 2959 est,
748 2880 833 2962 quod
855 2902 920 2945 non
935 2878 1086 2944 mutabile
1103 2879 1241 2945 credas?
1263 2882 1364 2944 Muta-

251 2984 297 3048 vit
316 2988 456 3047 mentem
472 2984 609 3067 populus
628 2983 728 3062 levis,
746 2988 776 3046 et
798 2982 946 3046 dixerunt
961 2983 1092 3045 Palatia
1106 2983 1201 3046 modo
1218 2989 1363 3066 correpte

252 3085 350 3149 modo
377 3085 531 3168 producte
559 3083 698 3164 Statius,
719 3084 841 3161 Silius,
861 3077 1040 3162 Martialis,
1060 3085 1244 3150 Iuvenalis.
1267 3091 1363 3166 atque

253 3188 369 3253 eadem
398 3186 528 3251 mutatio
555 3186 638 3250 facta
661 3192 710 3251 est
734 3185 768 3249 in
789 3191 896 3249 monte
926 3187 1094 3266 Vaticano,
1111 3187 1201 3251 cuius
1227 3187 1363 3252 nominis

253 3288 431 3355 secundam
459 3284 618 3373 syllabam
641 3288 792 3353 Horatius
819 3287 986 3370 corripuit,
1003 3308 1086 3366 non,
1103 3295 1138 3352 ut
1158 3289 1265 3372 inepte
1287 3288 1364 3354 dicit

253 3391 414 3469 Orellius,
432 3389 518 3473 quod
545 3388 578 3453 id
601 3409 620 3452 a
642 3391 802 3454 vaticiniis
825 3395 1003 3473 repeteret,
1020 3390 1077 3454 sed
1103 3392 1179 3472 quia
1200 3392 1297 3473 vulgo
1319 3392 1365 3456 ita

253 3493 423 3559 dicebant:
439 3498 552 3576 postea
572 3491 726 3556 Martialis
747 3482 781 3555 et
794 3491 955 3556 Iuvenalis
971 3492 1105 3557 eandem
1129 3494 1286 3577 syllabam
1310 3513 1363 3557 en-

252 3595 442 3660 tenderunt.
460 3594 518 3660 sed
540 3593 580 3657 de
600 3596 724 3680 Apulia
744 3600 774 3658 et
788 3595 907 3680 Apulis
927 3614 1099 3676 numquam
1115 3595 1291 3660 dubitatum
1315 3602 1364 3661 est

225 3759 226 3762 ,
254 3697 332 3780 quin
354 3697 457 3781 prima
479 3696 606 3781 syllaba
627 3694 835 3779 producenda
857 3702 963 3773 esset,
984 3695 1090 3778 itaque
1112 3697 1255 3761 Lucilius
1277 3696 1363 3779 apud

252 3802 387 3866 Festum
408 3821 438 3883 p.
455 3795 585 3878 313,'11
609 3799 643 3862 in
657 3798 840 3863 hexametro
856 3798 1020 3884 Apollden
1028 3799 1166 3885 pedibas
1181 3800 1362 3862 stlembum.

253 3922 355 3985 quare
383 3902 509 3966 indocte
536 3906 710 3983 provocant
743 3901 785 3964 ad
811 3900 1051 3982 ambiguitatem
1077 3899 1276 3983 propriorum
1309 3899 1363 3981 qui

252 4007 285 4070 in
308 4004 435 4071 Horatii
457 4002 632 4068 carminum
646 4025 702 4080 111,
718 4009 740 4070 4
758 4008 886 4067 tuentur
910 4021 1036 4066 versum
1062 4000 1246 4066 foedissime
1267 4000 1363 4066 inter·

254 4109 400 4192 palatum
414 4105 518 4184 hunc,
534 4107 668 4171 Altriois
685 4119 775 4170 entra
791 4107 885 4170 limen
902 4107 1059 4192 Apuliae.
1076 4124 1170 4187 porro
1185 4123 1280 4168 nemo
1296 4125 1364 4168 um·

253 4230 350 4292 quam
373 4209 546 4294 Apnlienm
576 4227 633 4290 pro
657 4209 764 4293 Apnlo
786 4207 886 4286 dixit,
903 4207 988 4289 quod
1009 4206 1194 4290 perturbare
1217 4206 1365 4272 versiculi

253 4331 405 4376 numeros
426 4308 460 4372 in
473 4308 595 4373 eodem
617 4309 741 4373 Horatii
762 4309 959 4388 lib1024‚4
979 4309 1083 4389 docti,
1100 4313 1251 4390 quantum
1274 4308 1363 4388 seio,

254 4433 294 4478 ne
317 4410 608 4478 animadverterunt
634 4412 784 4493 quidem,
812 4414 1007 4500 Tyrrhenam
1030 4437 1117 4476 omne
1139 4413 1201 4474 tac's
1228 4425 1256 4475 et
1276 4436 1364 4476 mare

253 4518 448 4604 Apnlicnm.
464 4514 519 4578 ubi
540 4514 574 4578 id
590 4515 753 4597 exemplar
774 4519 864 4579 vetus
880 4514 969 4579 cuius
985 4532 1107 4578 summa
1133 4517 1181 4575 est
1194 4511 1276 4576 inter
1298 4532 1364 4574 om-

252 4619 308 4683 nia
322 4615 516 4696 auctoritas,
533 4637 604 4682 cum
626 4617 698 4682 aliis
721 4616 799 4681 satis
822 4616 949 4695 multis,
965 4615 1061 4679 habet
1082 4640 1169 4679 mare
1176 4616 1363 4700 publicam.

252 4721 351 4804 idque
374 4718 572 4786 verissimum
588 4724 656 4786 est.
672 4719 750 4784 dicit
771 4719 854 4786 euim
868 4718 1050 4786 Marcianus
1076 4723 1112 4783 1.
1129 4720 1150 4783 2
1172 4721 1204 4780 et
1217 4721 1238 4783 4
1252 4734 1299 4800 pr.
1322 4713 1364 4779 D.
