3509 5442
719 602 903 644 nnsnuxrro
1328 583 1364 646 11

228 773 319 816 non
342 749 439 814 facilc
454 770 589 830 usquam
612 751 710 812 multo
734 770 827 830 quam
852 770 912 829 ego
929 751 1060 813 dixerim
1085 751 1156 832 plus
1172 749 1369 814 auctoritatis

226 852 364 916 inesse
383 851 616 933 exemplaribus
632 851 748 914 nostris
770 853 1017 932 antiquissimis,
1035 862 1108 927 aut,
1131 853 1157 915 si
1179 852 1282 915 studia
1298 870 1369 914 mea

216 955 442 1017 examinare
457 952 554 1015 velint
567 1005 574 1028 ‚
591 955 703 1017 eadem
716 956 910 1035 exemplaria
922 953 1026 1017 denuo
1044 961 1115 1036 post
1128 974 1176 1016 me
1189 952 1367 1029 excutiant,

212 1056 314 1118 Sed
339 1076 412 1118 cum
428 1074 504 1116 cura
526 1063 556 1117 ct
571 1056 691 1117 intenta
707 1055 868 1118 oculorum
894 1056 981 1130 acic,
999 1077 1037 1118 ne
1060 1055 1140 1118 forte
1156 1055 1257 1136 prima
1273 1051 1368 1117 mann

207 1157 378 1238 Scripta
400 1176 469 1219 esse
490 1163 599 1237 putent
625 1176 707 1236 quae
731 1157 792 1218 sint
808 1166 1039 1233 correctorum,
1057 1178 1136 1220 neve
1160 1157 1251 1238 plura
1273 1175 1368 1235 quam

203 1248 278 1320 irs
305 1276 406 1337 quem
429 1264 538 1320 notare
561 1258 719 1320 voluerint
741 1277 890 1339 peccasse
913 1267 1107 1337 arguantur.

343 1359 454 1439 ltaque
482 1358 668 1421 recensendi
704 1378 833 1421 munere
865 1367 908 1421 ita
937 1361 1062 1422 iunctus
1090 1380 1179 1435 sum,
1204 1366 1238 1422 ut
1268 1358 1368 1438 quod-

225 1475 394 1541 Qumque
417 1460 535 1522 bonum
565 1466 595 1521 et
617 1478 725 1521 verum
750 1466 834 1523 esset
856 1468 911 1522 aut
932 1461 964 1521 in
987 1467 1121 1541 utroque
1145 1460 1252 1523 autin
1275 1459 1368 1522 alter-

243 1568 327 1623 utro
351 1561 481 1636 codice,
497 1559 530 1621 id
553 1560 621 1623 sine
644 1560 709 1623 ullo
726 1560 931 1624 dubitationis
946 1561 1062 1624 indicio
1080 1562 1281 1636 exhiberem,
1298 1578 1369 1622 vcr-

245 1678 350 1725 suum
374 1670 479 1725 autem
509 1661 651 1724 ordinem
674 1681 766 1736 eum,
784 1681 846 1740 quo
879 1670 984 1725 essent
1007 1684 1026 1725 a
1049 1664 1208 1726 veteribus
1230 1659 1368 1723 librariis

256 1763 389 1845 scripti,
405 1763 544 1826 numeris
572 1764 726 1844 appositis
753 1763 947 1826 indicarem:
967 1763 1220 1826 emendationem
1249 1763 1298 1825 bis
1320 1780 1369 1824 re-

256 1862 316 1926 bus
340 1864 494 1927 contineri
521 1865 691 1927 arbitratus
713 1884 802 1940 sum,
820 1864 955 1946 primum
982 1872 1015 1927 ut
1044 1884 1155 1928 versus
1183 1884 1203 1927 a
1230 1861 1367 1925 librariis

257 1964 383 2028 traiecti
411 1962 443 2028 in
471 1985 562 2029 suurn
591 1966 695 2028 locum
718 1965 963 2043 reducerentur;
980 1966 1065 2047 quod
1093 1967 1147 2028 ubi
1171 1965 1295 2040 evenit,
1313 1984 1369 2026 nu·

256 2065 338 2130 meri
362 2085 433 2130 sese
456 2066 592 2129 naturali
615 2066 725 2128 ordine
742 2067 888 2149 excipere
911 2086 974 2129 non
992 2073 1180 2149 potuerunt;
1197 2066 1312 2130 deinde
1335 2070 1370 2128 ut

255 2168 330 2250 ipsa
351 2187 499 2230 versuum
522 2167 698 2245 vocabula,
715 2168 768 2231 ubi
792 2168 842 2231 vel
867 2167 1023 2249 perissent
1051 2171 1099 2232 rel
1123 2170 1295 2253 depravata
1319 2185 1369 2230 es-

256 2277 351 2346 sent,
368 2277 518 2349 quantum
541 2268 608 2331 fieri
624 2276 752 2350 posset,
769 2269 1038 2350 reciperarentur‚
1055 2271 1100 2334 ita
1121 2280 1226 2335 tamen
1248 2277 1283 2333 ut
1305 2269 1369 2333 sin·
1423 2314 1427 2322 -

256 2371 337 2450 gula
359 2371 401 2432 ad
417 2371 562 2434 codicum
584 2369 679 2433 fidem
695 2369 812 2451 scripta
834 2389 904 2432 curn
921 2372 1056 2451 singulis
1072 2356 1381 2437 commentariorum*

254 2472 423 2553 particulis
438 2472 708 2554 praefigerentur,
725 2480 790 2533 tum
812 2471 845 2534 in
864 2471 937 2535 iniis
952 2475 1078 2556 paginis
1094 2473 1268 2537 carminum
1292 2490 1369 2535 enu-

255 2580 476 2636 morarentur.

349 2675 486 2756 Operam
508 2693 583 2738 vero
607 2673 776 2736 maximam
800 2693 935 2755 eamque
958 2676 1034 2739 satis
1056 2676 1254 2741 fastidiosam
1277 2675 1370 2758 posui

254 2776 292 2838 in
319 2776 420 2858 primo
443 2776 673 2839 emendationis
696 2776 849 2857 cuiusque
878 2783 1008 2841 auctore
1037 2778 1279 2859 investigando:
1296 2798 1368 2845 nam

258 2879 334 2960 quis
357 2896 513 2958 quemque
544 2885 669 2940 secutus
692 2883 795 2953 esset,
813 2878 925 2958 quisve
955 2879 1017 2941 alio
1040 2887 1183 2961 ternpore
1205 2880 1289 2943 idern
1313 2898 1370 2961 per

257 2999 296 3044 se
312 2979 462 3056 vidisset,
478 2999 542 3042 non
565 2999 662 3062 saepe
686 2980 812 3055 curavi,
830 2980 891 3042 nisi
912 2980 944 3041 in
960 2980 1226 3044 mirabilioribus.
1243 3000 1320 3060 ergo
1343 2979 1370 3043 si

259 3081 389 3163 quando
412 3081 611 3144 librariorum
629 3101 741 3145 manus
764 3101 784 3143 a
805 3101 881 3144 vero
905 3082 1070 3145 aberrasse
1086 3083 1280 3164 apparebat,
1297 3087 1370 3144 ante

259 3183 368 3247 omnia
396 3183 539 3264 quaesivi
570 3183 724 3263 numquid
753 3183 865 3246 melius
895 3183 1035 3246 adferret
1062 3199 1268 3248 correctorum
1291 3185 1370 3246 eati-

259 3291 452 3374 quissimae,
470 3286 523 3365 qui
547 3285 675 3350 saeculo
699 3305 782 3347 nono
801 3285 942 3349 codicem
959 3285 1131 3365 oblongum
1147 3285 1368 3369 interpolavit.

259 3411 280 3454 a
303 3408 366 3469 quo
389 3387 416 3451 si
436 3388 514 3451 nibil
531 3389 732 3464 rettulerant,
749 3388 846 3450 multo
870 3387 962 3468 plura
983 3388 1069 3450 bona
1090 3395 1121 3451 et
1142 3388 1175 3450 in
1197 3388 1246 3451 his
1261 3387 1371 3468 exqui-

259 3491 414 3556 sitissima
445 3510 510 3552 non
542 3509 645 3572 pauca
675 3490 891 3571 praebuerunt
917 3503 1103 3553 correctores
1135 3490 1305 3575 quadrati.
1321 3489 1371 3554 his

259 3600 364 3658 aetate
387 3612 445 3676 par
467 3599 498 3655 et
520 3592 553 3654 in
569 3591 759 3654 emendandi
782 3589 886 3653 otlicio
910 3591 1006 3674 paulo
1024 3592 1217 3656 constantior
1240 3598 1288 3655 est
1302 3594 1369 3655 Aa·

260 3701 365 3762 ronias
388 3697 493 3759 Marii
517 3695 568 3758 vel
595 3694 701 3777 potius
729 3692 823 3756 huius
851 3699 961 3755 auctor
984 3693 1106 3770 Italus,
1124 3693 1178 3774 qui
1204 3691 1372 3755 manifesta

259 3798 337 3862 vitia
359 3779 485 3861 sustulit
499 3796 685 3859 innumera:
702 3795 821 3859 habent
843 3794 938 3858 ctiam
961 3795 1091 3878 propria
1106 3794 1263 3875 quaedam
1285 3793 1371 3856 bona

259 3901 335 3965 olim
350 3902 517 3984 impressi.
535 3897 593 3962 sed
609 3898 747 3961 omniurn
764 3897 870 3961 studia
893 3916 964 3959 cum
979 3895 1108 3976 ingenio
1124 3901 1189 3958 tum
1205 3894 1372 3976 diligentia

260 4003 357 4082 longe
390 4000 551 4084 superavit
577 3999 734 4063 Micbahel
764 4001 946 4076 Marullus,
971 4006 1040 4061 ortu
1069 3998 1231 4074 Graecus,
1254 3997 1312 4062 sed
1337 3997 1371 4060 in

228 4090 233 4101 ’
258 4101 350 4186 poesi
377 4102 492 4165 Latina
520 4102 675 4182 eximius,
700 4103 753 4184 qui
784 4122 854 4167 cum
884 4121 919 4165 se
940 4102 1014 4165 totis
1036 4100 1157 4165 viribus
1178 4101 1211 4164 in
1233 4100 1370 4164 Lucretii

259 4203 425 4285 ingenium
449 4209 480 4267 et
502 4209 601 4267 artem
616 4203 828 4281 insinuasset,
844 4204 878 4267 in
900 4204 969 4268 eius
984 4202 1176 4268 carminibus
1200 4202 1371 4268 emendan-

261 4306 311 4370 dis
341 4305 440 4368 multo
468 4307 541 4389 plus
563 4306 718 4387 praestitit
740 4328 834 4388 quam
865 4312 938 4391 post
961 4326 1032 4370 eum
1061 4306 1113 4370 vel
1135 4305 1313 4370 doctiores.
1329 4304 1370 4369 ab

261 4407 356 4470 huius
377 4426 478 4489 prope
500 4409 685 4474 Volaterras
710 4411 743 4473 in
766 4410 885 4474 Occina
911 4408 1006 4473 fluvio
1033 4409 1160 4471 interitu
1187 4427 1270 4472 anno
1293 4408 1372 4471 duo-

262 4513 385 4578 decimo
408 4516 520 4577 Petrus
543 4513 707 4578 Candidus
733 4512 914 4576 Lucretium
939 4512 979 4574 ab
1008 4531 1046 4574 eo
1075 4511 1278 4574 emendatum
1305 4508 1371 4571 edi-

262 4617 328 4694 dit,
343 4617 536 4698 imprcssum
558 4616 736 4680 Florentiae
765 4614 941 4698 sumptibus
967 4613 1105 4695 Philippi
1128 4612 1264 4676 Giuntae
1286 4629 1370 4675 anno

265 4724 348 4788 1512
375 4736 486 4783 mense
515 4718 647 4796 Marti03
670 4718 760 4782 cuius
791 4716 939 4781 editionis
966 4712 1127 4795 exemplar
1160 4714 1201 4777 ab
1228 4709 1370 4777 Iohanne
