3509 5442
406 595 470 658 308
945 584 974 649 V

496 764 566 827 700.
591 778 784 821 naumann
808 776 962 817 rnsronu
985 775 1083 816 orcr.
1100 752 1170 817 Itali
1193 757 1225 816 et
1246 751 1396 836 impressi
1419 776 1507 816 3333.

497 867 568 929 705.
592 882 693 923 sours
715 880 842 922 333333
865 877 1074 918 33333333.
1092 853 1266 919 Lambinus
1284 855 1410 937 primus
1432 880 1509 920 run·

411 985 525 1027 33333
539 987 546 1024 :
562 963 605 1026 ‘et
627 961 703 1039 ita,'
724 959 846 1041 inquit,
862 958 991 1022 ‘habent
1017 956 1089 1022 libri
1111 955 1234 1037 aliquot
1256 977 1355 1021 manu
1377 958 1509 1042 seripti.'

496 1063 705 1134 70013333
731 1083 814 1124 orus
840 1082 953 1123 nnors
988 1081 1112 1123 nunna
1136 1080 1383 1122 convunruau
1413 1082 1508 1123 noers

411 1164 464 1228 An
494 1186 672 1227 3333333.
693 1163 849 1228 Antonius
877 1162 967 1226 Marii
999 1163 1102 1246 333313
1134 1162 1189 1225 doe
1222 1162 1348 1227 lamen.
1379 1168 1510 1245 praestat

407 1270 513 1352 magis
539 1289 576 1327 ro
606 1267 728 1346 133333,
751 1285 812 1346 quo
839 1264 919 1329 solis
945 1263 1043 1328 radiis
1071 1282 1225 1360 pereussa
1246 1262 1347 1328 nitet.
1367 1283 1435 1327 non
1455 1269 1509 1326 tau

408 1368 536 1452 proprie
559 1387 597 1432 ae
619 1385 718 1450 prope
741 1366 892 1448 ambigue
908 1365 1061 1430 Marullus
1083 1369 1186 1431 333133
1203 1368 1305 1431 lamen
1320 1390 1330 1430 :
1345 1380 1413 1430 non
1435 1363 1508 1429 enin

408 1473 512 1534 333133
528 1469 574 1533 od
583 1470 714 1554 speeiem
729 1467 763 1530 fit
774 1469 902 1549 lumen,
919 1467 977 1532 sed
992 1468 1095 1548 magis
1112 1467 1156 1532 ad
1169 1471 1302 1554 speeiem
1318 1471 1508 1548 convertitur,

410 1570 470 1634 hoe
492 1576 540 1634 est
562 1569 604 1633 ad
626 1569 745 1646 aciem,
762 1576 796 1632 ut
816 1568 913 1652 paulo
936 1574 1086 1653 3331724
1113 1570 1169 1634 Ad
1195 1572 1329 1655 speeiem
1352 1572 1508 1634 33311133-

411 1674 458 1736 bis
481 1673 645 1757 oculosque
664 1674 822 1756 potentie.

496 1778 567 1842 708.
590 1795 707 1836 roano
740 1795 884 1836 333333
913 1795 1050 1836 333333
1078 1795 1235 1837 rursm.
1265 1773 1439 1840 Correetor
1463 1773 1510 1838 ob·

323 1876 327 1885 '
410 1875 497 1955 longi
518 1877 610 1960 pleno
633 1899 725 1938 3333
749 1877 885 1940 1333133.
901 1875 986 1940 idem
1007 1876 1041 1939 in
1056 1875 1168 1940 eedem
1191 1895 1286 1941 versu
1302 1877 1431 1959 Donec,
1448 1895 1509 1940 eum
1553 1882 1554 1963 ]

410 1976 553 2059 aprima
575 1997 671 2040 manu
694 1982 779 2041 esset
800 1980 972 2063 Donaque:
992 1976 1165 2059 quadratus
1187 1977 1238 2041 hie
1260 1982 1294 2041 ut
1317 1978 1397 2043 alibi
1419 1980 1510 2043 Doni·
1553 1967 1554 1973 ἵ

386 2109 393 2161 1
410 2104 488 2164 que.
505 2078 550 2143 sie
572 2079 668 2160 paulo
690 2086 763 2162 post
778 2083 840 2146 723
861 2084 1015 2160 uterque,
1031 2080 1086 2143 ubi
1108 2079 1271 2161 utriusque
1290 2085 1454 2145 eorreetor
1473 2078 1511 2144 ie·
1553 2154 1554 2158 Ἰ

410 2179 453 2244 311
474 2182 638 2265 Denique.
652 2189 718 2244 turn
740 2200 834 2246 versu
851 2186 910 2248 731
936 2182 1094 2261 oblongus
1117 2181 1219 2263 prima
1241 2201 1339 2246 manu
1354 2185 1510 2268 Deaeque.
1553 2221 1554 2240 1

497 2287 568 2349 711.
592 2303 749 2345 onorius
772 2304 863 2345 333.
888 2282 959 2346 Itali
982 2289 1013 2348 et
1033 2282 1187 2346 Marullus
1208 2305 1292 2347 333.

496 2388 567 2451 113.
590 2405 675 2446 ussa
698 2404 826 2445 Pruna.
850 2384 1016 2449 Correetor
1038 2384 1169 2465 oblongi
1191 2407 1312 2449 33333.

497 2488 568 2552 720.
592 2485 834 2555 1333333333
851 2508 988 2550 rorusr
1004 2508 1144 2550 ouonus
1167 2509 1231 2567 ur,
1249 2510 1280 2550 sr
1302 2509 1444 2566 33333,
1464 2510 1510 2550 33-

410 2587 652 2673 3338113313
678 2592 804 2651 ceterae
836 2588 971 2653 orationi
998 2588 1216 2671 interpositum
1243 2589 1438 2655 Lucretiano
1470 2589 1511 2652 di·

409 2687 501 2753 eendi
524 2688 633 2770 generi
656 2709 767 2772 parurn
789 2691 1060 2754 accommodatum
1083 2696 1149 2754 est.
1166 2690 1323 2755 Antonius
1337 2691 1434 2755 Marii
1455 2690 1511 2775 pri·

409 2811 494 2854 mum
510 2791 637 2874 soripsit
652 2806 685 2855 31
700 2794 760 2872 sit,
777 2790 894 2855 deinde
910 2791 1026 2856 delevit
1042 2807 1052 2856 ι
1068 2797 1099 2855 31
1120 2791 1193 2856 feeit
1213 2792 1247 2856 in
1261 2812 1356 2858 versu
1370 2793 1510 2877 proximo

410 2918 449 2958 33
468 2907 562 2978 porte
588 2896 612 2956 a
624 2942 631 2974 ,
652 2892 706 2956 ubi
735 2892 894 2974 oblongus
921 2892 1024 2975 prima
1050 2913 1147 2956 manu
1164 2897 1273 2978 porti,
1293 2914 1315 2957 a
1336 2900 1511 2960 eorreetore

401 3008 498 3080 porte
525 3000 559 3057 ut
582 2993 775 3076 quadratus.
797 2994 935 3059 Antonio
964 2993 1150 3076 prudentior
1176 2995 1272 3059 Ianus
1293 2997 1409 3061 Dousa
1434 2997 1512 3062 filius

409 3095 451 3159 ad
477 3095 633 3159 Catullum
663 3096 765 3178 eapite
780 3118 812 3157 rv
828 3117 858 3178 p.
872 3101 913 3163 20
936 3097 1020 3176 ‘lego
1049 3098 1096 3159 311
1124 3097 1244 3178 inquit,
1264 3098 1378 3182 plebeo
1407 3115 1511 3164 31333

398 3199 488 3284 forte
507 3200 614 3282 31131,
629 3197 714 3278 quod
743 3216 814 3260 eum
838 3197 1055 3262 Wakefieldus
1077 3196 1182 3262 minus
1203 3200 1422 3265 necessarium
1445 3223 1511 3268 esse

409 3298 561 3382 dixisset,
581 3298 755 3381 Forbiger,
778 3299 832 3380 qui
860 3319 919 3382 per
941 3319 975 3364 se
998 3319 1170 3381 numquam
1192 3301 1294 3383 sapit,
1316 3302 1408 3368 nulla
1430 3324 1511 3370 men-

408 3400 494 3464 tione
517 3400 666 3480 dignatus
690 3406 756 3465 est.

497 3506 567 3569 727.
591 3503 643 3566 Ur
666 3524 868 3568 nnuuuonrs
898 3525 918 3566 n
942 3526 1139 3568 33333333
1161 3527 1369 3570 33333333.
1391 3508 1463 3573 ltali
1484 3512 1512 3572 et

408 3602 561 3668 Marullus
573 3626 820 3670 3333333333.
834 3607 1341 3690 (113131333133333313331313331,
1356 3609 1511 3675 Antonius

407 3705 518 3789 Marii,
540 3705 615 3770 olim
637 3705 801 3790 impressi,
818 3708 991 3773 Marullus:
1015 3709 1208 3774 Chaldaeum
1230 3711 1410 3789 Aventius,
1431 3709 1512 3795 quod

407 3813 492 3871 reete
514 3809 660 3890 probavit
678 3810 806 3888 Densa,
826 3809 1057 3894 Babylonicum
1080 3809 1313 3876 Chaldaeorum
1337 3812 1511 3879 doctrinam

405 3906 449 3971 ad
470 3909 624 3974 Bonosum
647 3910 809 3989 referens,
832 3912 886 3993 qui
907 3911 1016 3975 lunam
1040 3911 1115 3976 feeit
1137 3907 1325 3998 ἡμίπυρον.
1342 3917 1511 4002 Pelasgam

320 4022 332 4043 ··
406 4010 552 4088 genetivo
576 4031 652 4077 easu
666 4014 802 4095 positum
817 4013 947 4096 fefellit,
965 4014 1052 4094 quod
1066 4014 1181 4097 miror,
1197 4015 1387 4080 Merkelium
1411 4017 1445 4080 in
1466 4016 1511 4080 his

406 4109 531 4191 Ovidii,
547 4112 682 4178 tristium
697 4139 730 4194 11,
743 4120 826 4198 403,
848 4116 935 4194 03111
952 4141 1103 4201 ,ueneram
1124 4118 1253 4198 Peb‘ae,
1271 4118 1352 4203 qaid
1375 4120 1510 4194 1733333,

406 4211 520 4297 quidve
542 4215 712 4302 Pelasgam
734 4218 870 4282 Iliacam
894 4219 993 4301 1311311
1015 4220 1075 4302 qai
1086 4218 1170 4302 pede
1187 4221 1315 4304 primae
1338 4221 1505 4289 humum?-

491 4318 561 4381 730.
585 4338 658 4380 333
682 4341 779 4382 3333.
796 4317 960 4382 Librarius
976 4317 1123 4399 quadrati
1137 4324 1276 4384 veterem
1291 4338 1434 4386 errorem
1452 4321 1511 4406 pri·

404 4432 474 4477 mus
497 4416 652 4497 correxit,
669 4439 709 4484 ex
731 4422 764 4501 1,
781 4418 866 4500 quod
887 4420 949 4484 iam
973 4420 1160 4505 scripserat,
1178 4423 1191 4485 1
1210 4420 1314 4501 13313,
1331 4444 1441 4488 runo.

397 4557 401 4562 -
490 4520 561 4583 733.
585 4539 759 4592 33333333
788 4542 938 4593 333333
971 4523 1331 4589 333333.(1333331ο3
1364 4526 1510 4607 quadrati

403 4616 538 4681 31311331
546 4667 554 4693 ,
569 4619 725 4684 Marullus
740 4623 894 4707 31313331,
912 4624 1002 4706 quasi
1024 4623 1104 4688 haee
1124 4624 1180 4688 illo
1201 4625 1369 4691 usitatiora
1385 4635 1508 4694 essent.

403 4716 578 4783 Brixiensis
601 4721 867 4810 editor-oboriri,
892 4724 1051 4810 quomodo
1075 4727 1226 4811 seriptum
1254 4734 1342 4794 extat
1367 4728 1405 4795 in
1431 4729 1510 4796 libro
