3509 5442
406 563 471 627 384
936 553 980 619 VI

402 752 474 795 nen
498 747 732 791 reuersus.
756 724 923 806 Oblongus
940 725 1102 806 hlamma,
1125 725 1211 808 apud
1232 725 1375 791 Nonium
1397 729 1505 807 11495,

406 838 443 901 ll
460 833 644 895 Flammea.
664 825 715 891 hic
732 822 889 899 Antonius
910 827 1001 891 Marii
1023 832 1055 892 et
1076 827 1229 892 Marullus
1249 827 1391 911 permira
1412 827 1508 893 media
1553 855 1555 875 ;

1552 880 1554 969 1

404 936 442 1000 de
462 933 604 1022 plaude.
631 929 731 1007 Pius,
761 929 810 993 vel
839 928 947 1011 potius
974 934 1030 992 aut
1055 929 1245 994 Hermolaus
1269 929 1437 995 Barbarus
1461 936 1508 993 aut

404 1033 599 1118 Pomponius
614 1031 732 1095 Laetus
754 1037 809 1095 aut
831 1029 995 1114 Philippus
1017 1030 1196 1096 Beroaldus
1212 1030 1303 1116 (Pius
1325 1032 1413 1097 enim
1436 1035 1509 1097 acti-

405 1162 499 1224 qaam
515 1138 673 1200 lectionem
688 1131 904 1217 testificator),
920 1152 991 1197 cum
1007 1154 1124 1195 canon
1144 1131 1348 1197 scribendum
1362 1131 1509 1210 vidisset,

404 1245 512 1303 tamen
534 1235 723 1302 sententiam
745 1242 776 1299 et
798 1234 951 1300 orationis
973 1234 1107 1299 formam
1129 1254 1195 1299 non
1208 1235 1376 1320 percepit.
1392 1236 1444 1300 hic
1457 1235 1510 1317 igi·

405 1347 456 1404 tur
478 1338 565 1422 quod
587 1337 727 1420 fecerat,
747 1338 852 1403 media
871 1337 910 1402 de
925 1337 1014 1401 clade
1024 1387 1032 1419 ,
1055 1357 1126 1401 cum
1141 1337 1175 1402 id
1188 1337 1375 1420 Naugerius
1391 1355 1510 1419 expres
1553 1351 1554 1354 ’

407 1442 522 1517 sisset,
546 1439 720 1503 Lambinus
748 1439 838 1504 libris
865 1439 931 1504 suis
953 1458 1018 1502 non
1039 1439 1191 1523 inspectis
1212 1436 1332 1503 frustra
1355 1438 1510 1521 explicare

407 1548 539 1607 conatus
569 1546 636 1619 est,
660 1540 805 1607 Gifanius
833 1548 864 1608 et
886 1540 1002 1606 Daniel
1023 1540 1145 1606 Pareus
1167 1547 1329 1620 tamquam
1352 1540 1511 1624 apertissi-

406 1663 493 1709 mum
515 1642 726 1707 transierunt.
745 1644 851 1709 Fabro
874 1650 905 1709 et
927 1643 1070 1707 Bentleio
1092 1647 1203 1726 parata
1224 1642 1321 1708 venia
1341 1648 1414 1721 est,
1433 1641 1511 1724 quod

408 1747 488 1810 alter
515 1764 686 1826 numquam
714 1743 794 1808 alter
821 1744 964 1809 nondum
992 1744 1121 1826 cognita
1141 1751 1248 1810 vetere
1271 1730 1439 1828 scriptura¹
1454 1764 1511 1807 non

407 1847 486 1912 satis
513 1865 587 1910 vere
613 1851 805 1928 temptarunt
832 1847 888 1911 dia
917 1849 956 1913 de
982 1847 1073 1913 clade
1102 1852 1134 1911 et
1154 1847 1314 1912 Bccceladi
1338 1847 1379 1912 de
1407 1846 1511 1912 clade:

408 1949 582 2014 Salmasius
604 1954 709 2012 autern
732 1947 850 2031 pariter
865 1968 904 2012 ac
918 1953 1007 2013 vetus
1022 1947 1077 2012 ille
1090 1948 1189 2012 Italus
1203 1947 1368 2032 peccavit,
1386 1967 1457 2013 cum
1470 1948 1512 2011 in·

409 2051 571 2134 aptissime
589 2048 665 2115 fecit
683 2050 789 2115 media
804 2076 819 2115 e
833 2076 868 2116 re
884 2051 973 2116 clade
988 2064 1111 2115 coorta.
1132 2050 1261 2114 isaacus
1276 2049 1415 2114 Vossius
1430 2069 1513 2132 egre·

409 2154 462 2234 gie
491 2158 522 2217 et
543 2152 576 2215 in
598 2151 726 2215 homine
747 2150 858 2217 iudicii
881 2150 962 2216 alias
984 2146 1216 2233 perversissimi
1237 2150 1333 2216 valde
1356 2150 1515 2215 laudanda

409 2252 612 2336 simplicitate
628 2256 823 2338 nequeenim
842 2274 1029 2316 unnrocnr
1048 2253 1157 2319 clade.
1177 2252 1211 2318 id
1229 2253 1411 2337 probarunt
1424 2253 1515 2318 Nico

408 2354 480 2419 laus
496 2353 647 2417 Heinsius
667 2352 709 2416 ad
725 2352 830 2418 Ovidii
849 2354 1059 2437 metamorph.
1075 2376 1118 2440 iv,
1131 2361 1215 2438 536,
1231 2353 1413 2421 Richardus
1427 2356 1516 2419 Bent-

409 2455 491 2520 lcius
502 2504 510 2536 ‚
533 2459 702 2538 postquam
725 2455 875 2537 cognovit
895 2455 982 2541 (vide
1003 2455 1151 2523 editionis
1166 2457 1380 2540 Glasguensis
1401 2462 1516 2520 tomum

410 2577 441 2617 ιν
459 2576 488 2638 p.
501 2557 599 2641 454),
616 2556 777 2622 Gilhertus
793 2555 1015 2623 Wakefieldus
1037 2558 1088 2623 hic
1110 2558 1238 2642 quidem
1260 2557 1389 2623 veritati
1410 2578 1517 2624 conce·

410 2655 513 2722 dens:
544 2666 653 2722 contra
679 2658 858 2724 reiecerunt
881 2659 1071 2740 Oreeohius‚
1095 2662 1354 2745 Havereampus‚
1378 2661 1518 2727 Eichsta·

410 2759 504 2836 dius,
528 2759 697 2842 splendida
724 2759 845 2825 scilicet
870 2760 1002 2843 ingenui
1031 2761 1142 2827 iudicii
1167 2763 1336 2845 exempla:
1366 2763 1519 2845 Forhiger

409 2860 490 2925 illud
512 2861 618 2942 ‘quern
641 2880 771 2926 sensum
792 2861 944 2929 idoneum
966 2864 1144 2948 praeberet'
1165 2883 1237 2928 sese
1259 2864 1446 2948 perspicere
1468 2885 1519 2930 ne

410 2962 519 3044 gavit,
536 2963 670 3027 lectores
685 2969 793 3028 autem
809 2983 866 3029 suo
882 2964 1000 3030 iudicio
1016 2967 1062 3030 uti
1076 2966 1186 3032 iussit.
1203 2963 1281 3030 mihi
1302 2964 1436 3031 dubium
1459 2987 1520 3031 non

411 3069 460 3129 est
481 3064 557 3146 quin
577 3084 649 3128 eum
670 3082 782 3129 ornnes
796 3066 898 3130 Pareo
916 3066 1111 3132 simillimum
1126 3066 1264 3133 habituri
1280 3067 1365 3132 sint.
1382 3075 1520 3134 ceterum

406 3168 552 3252 flammae
568 3179 731 3251 tempestae
755 3185 835 3247 quae
859 3168 900 3232 sit
921 3189 986 3233 non
1007 3170 1180 3252 intellego:
1201 3176 1287 3234 recte
1307 3170 1520 3251 probaverunt

410 3267 596 3333 Fusuunn
618 3270 769 3335 Heinsius
792 3276 823 3334 et
845 3270 1083 3337 Wakefieldus.

497 3377 569 3439 648.
599 3393 902 3435 nnsrrcnrnnuu.
930 3371 1082 3455 Impressi
1104 3391 1405 3435 orsercrsuouu.
1429 3372 1516 3439 simili

411 3471 506 3535 modo
522 3472 683 3538 Vitruvius
699 3474 893 3560 dispiciendi
903 3473 1002 3538 verbo
1025 3494 1103 3539 usus
1126 3480 1175 3540 est
1194 3473 1227 3536 in
1242 3494 1285 3556 rx,
1298 3478 1329 3553 4,
1341 3480 1386 3554 5,
1404 3501 1516 3542 earam-

411 3600 471 3659 que
494 3576 600 3659 capita
622 3576 704 3639 cister
725 3601 757 3640 se
781 3576 984 3661 dispicientia
1006 3591 1078 3641 suat
1100 3577 1230 3641 collocat
1262 3623 1270 3639 .

497 3680 570 3743 651.
592 3697 854 3740 uunrnnsrun.
872 3675 969 3759 Apud
982 3676 1121 3741 Nonium
1136 3696 1166 3759 p.
1182 3682 1252 3760 136,
1266 3681 1308 3743 14
1321 3679 1514 3758 multesima,

413 3776 530 3840 omisso
553 3779 616 3841 eit.
641 3804 678 3844 ae
699 3778 812 3843 litteris
832 3778 982 3842 librarius
1004 3777 1167 3862 archetypi
1195 3796 1272 3842 usus
1301 3785 1352 3843 est
1380 3778 1424 3844 ad
1444 3778 1516 3843 indi·
1553 3793 1554 3800 ¹

396 3876 550 3943 'candum
577 3879 668 3943 illum
696 3887 839 3964 apertum
866 3905 882 3945 e
903 3879 1026 3946 litterae
1049 3900 1162 3945 sonum
1183 3878 1224 3944 de
1247 3899 1311 3962 quo
1333 3879 1404 3944 dixi
1424 3880 1466 3945 ed
1484 3879 1516 3943 li·

412 3981 504 4045 brum
519 4001 550 4062 V,
567 3985 668 4060 1229,
692 4001 793 4064 eoque
807 3981 880 4045 Itali
900 3981 995 4046 hodie
1018 3987 1147 4046 utuntur
1164 3981 1198 4045 in
1212 3984 1382 4047 verdesimo
1397 3988 1430 4048 et
1442 3986 1516 4047 ecte

413 4082 456 4146 ris
473 4080 662 4147 eiusmodi.
678 4082 752 4147 huic
768 4103 846 4147 sono
863 4083 1070 4166 exprimendo
1086 4088 1194 4166 aptum
1209 4088 1258 4148 est
1272 4083 1425 4164 signum,
1440 4081 1516 4164 quod

413 4184 519 4248 multis
541 4183 683 4269 placuit,
708 4211 734 4250 a
745 4235 754 4268 ‚
778 4184 889 4250 litteris
918 4184 1138 4267 complicatis.
1160 4184 1374 4250 Terentianus
1396 4185 1516 4250 Maurus

412 4305 443 4369 p.
456 4289 539 4355 2393
555 4290 641 4353 2394
663 4307 728 4350 non
750 4284 951 4369 reprehendit
974 4305 1031 4351 eos
1053 4285 1107 4367 qui
1130 4311 1197 4350 aaa
1218 4286 1269 4350 vel
1283 4288 1448 4374 AEapolia
1467 4305 1518 4370 per

413 4386 634 4470 diphthongon
659 4387 823 4471 dicerent,
847 4387 905 4452 sed
927 4388 982 4470 qui
1004 4388 1108 4471 prlore
1130 4386 1234 4452 vocah
1254 4386 1416 4472 producta
1436 4387 1518 4473 diph-

412 4487 556 4571 thongon
571 4488 775 4572 diducerent,
793 4495 828 4553 ut
841 4491 1006 4556 A-araaci
1018 4497 1049 4554 et
1063 4515 1142 4556 cce-a
1158 4495 1309 4555 sonarent
1323 4496 1360 4555 ut
1375 4492 1519 4556 Archela

412 4617 450 4656 aa
478 4597 509 4656 et
530 4592 725 4673 Acesta-am
752 4611 945 4673 quamquam
971 4591 1207 4676 productiorem
1236 4611 1352 4657 sonum
1384 4591 1521 4659 concedit

413 4697 542 4779 auspici
561 4699 592 4757 et
614 4717 693 4759 aare
715 4697 746 4758 et
760 4691 887 4760 Graeco
903 4686 1041 4783 ciarev,
1057 4692 1147 4760 cuius
1170 4693 1375 4761 differentiae
1398 4715 1521 4762 causam
