3509 5442
368 558 370 561 ’
407 563 470 628 258
940 551 985 615 Ν

409 754 535 794 coaeum
562 726 624 791 ead
650 749 744 811 qaam
775 722 809 786 in
837 726 967 787 senatus
994 721 1139 786 consulto
1174 719 1214 785 de
1243 720 1511 797 Bacchanalibus,

411 830 468 895 sed
491 830 559 894 sine
582 826 734 893 relativo.

496 936 568 1000 818.
591 951 658 994 uos
683 947 985 992 surrnnrrnrus.
1003 922 1178 990 Brixiensis
1199 924 1297 991 editio
1319 947 1412 990 uon.

497 1035 569 1100 820.
592 1032 632 1094 ln
657 1050 818 1108 muninus
845 1048 1000 1089 vrsrurr
1027 1048 1164 1090 ruerus
1183 1076 1190 1091 .
1210 1027 1248 1091 ln
1270 1027 1427 1109 quadrato
1455 1049 1502 1090 vra

411 1156 474 1197 nrr
502 1130 620 1195 factum
647 1128 811 1206 radendo,
834 1148 938 1211 neque
968 1127 1059 1192 aliter
1084 1127 1156 1191 Itali
1183 1133 1215 1193 et
1235 1128 1415 1193 Marullus.
1441 1129 1501 1192 elin
1551 1212 1554 1221 1

413 1234 489 1300 editi
511 1235 562 1297 vir
584 1246 639 1296 tue
661 1237 693 1295 et
715 1236 764 1295 vir
787 1245 879 1312 tuoe,
896 1249 977 1312 quos
1000 1228 1155 1293 Aventius
1178 1234 1307 1295 secutus
1329 1236 1398 1295 est.

496 1338 569 1403 826.
614 1333 725 1410 Quor>
753 1355 796 1395 nn
824 1353 1016 1394 ursanus.
1044 1329 1147 1395 Huius
1176 1349 1290 1395 versus
1316 1351 1394 1396 vera
1425 1329 1498 1396 sedes
1550 1390 1555 1395 .

413 1455 496 1518 quae
524 1440 610 1500 esset
637 1441 796 1499 corrector
822 1431 969 1515 quadrati
998 1431 1162 1496 annotavit
1179 1480 1186 1495 .
1206 1432 1363 1497 Marullus
1393 1451 1499 1514 quoque
1538 1457 1541 1461 ·

412 1535 512 1602 vidit.
1551 1548 1555 1555 ’

500 1641 572 1706 822.
601 1638 712 1701 lunen
739 1661 775 1701 ru
802 1661 861 1701 urs
889 1659 1005 1701 assus
1035 1658 1165 1701 vrrrun
1192 1659 1437 1700 vnnnunnrns
1460 1658 1503 1698 ur·
1549 1703 1555 1713 .

414 1762 498 1803 nssu
520 1739 743 1816 Eriperes,
763 1762 910 1803 nasone
932 1761 1183 1810 uuursnnous
1205 1761 1505 1802 renumerares.

414 1839 594 1919 Quadratus
609 1840 701 1906 Illud
713 1845 801 1908 ebitis
816 1844 908 1907 rebus
923 1845 1058 1922 vatem,
1074 1840 1232 1922 oblongus
1243 1855 1509 1927 praemetueatcr.

413 1942 570 2008 Antonius
590 1942 682 2007 Marii
710 1968 815 2008 errore
836 1945 953 2007 multae
980 1969 1040 2029 que
1060 1941 1326 2029 premeditentur.
1345 1965 1512 2008 nnnouau

415 2066 627 2114 vrrsnnoun
650 2044 764 2110 eximie
787 2051 945 2109 corrector
968 2043 1115 2126 quadrati
1137 2048 1168 2107 et
1188 2044 1360 2110 Aventius.
1376 2071 1513 2132 praeme-

414 2161 532 2212 taeoter
550 2152 637 2211 recte
658 2151 763 2210 tuetur
778 2143 959 2210 Gronovius
981 2145 1015 2209 in
1030 2145 1285 2211 observationum
1301 2153 1378 2226 111,5
1392 2167 1423 2232 p.
1435 2152 1514 2216 463:

414 2246 592 2325 sedidem,
608 2244 843 2330 quoderationi
865 2247 1007 2310 membra
1030 2268 1089 2312 sua
1106 2247 1247 2312 nondum
1263 2253 1412 2313 constant
1434 2248 1516 2335 (quis

414 2349 584 2414 enimcum
600 2348 800 2413 Wakefieldo
823 2347 910 2413 dicat
931 2351 1032 2414 inesse
1052 2349 1093 2413 ab
1111 2352 1236 2415 zbterest
1256 2370 1321 2414 non
1335 2349 1515 2436 differret),

414 2449 560 2534 probavit
581 2452 770 2515 vehementer
791 2451 890 2514 inesto
901 2500 909 2532 ‚
931 2448 965 2513 id
987 2454 1054 2532 est,
1074 2450 1198 2532 inquit,
1217 2450 1278 2517 hoc
1298 2451 1358 2517 tibi
1379 2453 1517 2517 inculea-
1553 2520 1554 2542 p

413 2556 499 2634 tum,
515 2549 577 2615 hoc
597 2550 727 2615 infixum
752 2549 810 2615 sit.
831 2549 890 2615 sed
910 2550 971 2615 hoc
991 2554 1089 2617 e‘nesto
1115 2556 1175 2618 ubi
1194 2556 1329 2641 ffapere
1351 2573 1467 2620 vereor
1486 2558 1516 2617 ut
1553 2547 1554 2554 '

412 2651 526 2717 Latine
554 2650 617 2718 dici
638 2653 758 2736 possit,
781 2658 812 2717 et
838 2652 1018 2718 Gronovius
1045 2651 1078 2716 id
1100 2654 1228 2719 Marulli
1256 2656 1422 2720 inventum
1450 2673 1516 2720 esso

412 2755 601 2838 ignorabat,
618 2753 672 2835 qui
692 2753 761 2835 ipse
784 2753 860 2835 quid
884 2754 1024 2819 sentiens
1046 2755 1090 2818 ita
1112 2757 1275 2840 scripserit
1300 2777 1366 2821 nou
1388 2776 1515 2840 possum

413 2864 499 2923 certo
528 2856 652 2920 dicere:
672 2853 746 2918 feeit
778 2856 861 2920 euim
892 2857 1041 2942 Effupere
1070 2884 1175 2924 errore
1203 2861 1330 2924 illorum
1361 2862 1423 2945 qui
1446 2861 1516 2924 bueo

408 2958 702 3046 praemeditantur.
723 2957 786 3020 iam
817 2957 843 3021 si
866 2957 1048 3039 quaerimus
1072 2959 1106 3023 ld
1129 2959 1214 3041 quud
1237 2960 1377 3023 emnium
1400 2958 1516 3043 simpli·

412 3059 574 3126 eissimum
596 3063 662 3134 est,
679 3057 721 3121 ad
742 3058 963 3141 complendam
985 3061 1174 3125 sententiam
1197 3060 1274 3125 nihil
1297 3061 1516 3125 accommoda-

411 3162 474 3226 tius
502 3160 681 3225 invenietur
708 3181 803 3241 quam
831 3175 949 3246 oportet
967 3208 974 3225 .
995 3159 1056 3226 hoc
1082 3169 1189 3228 tamen
1216 3183 1325 3228 verum
1352 3180 1427 3228 esse
1456 3182 1514 3227 non

411 3270 535 3347 potest,
557 3261 632 3343 quia
654 3260 833 3324 Lucretium
857 3262 897 3326 ab
920 3262 981 3328 hoe
1002 3263 1099 3328 verbo
1123 3285 1187 3329 non
1209 3265 1277 3330 sine
1300 3283 1401 3329 causa
1422 3263 1514 3328 absti-

411 3365 520 3429 nuisse
536 3359 820 3426 demonstravimus
842 3363 884 3427 ad
898 3364 1012 3429 librum
1028 3388 1050 3441 1,
1064 3370 1145 3434 tus.
1162 3386 1246 3431 nunc
1268 3379 1441 3449 necessest,
1457 3384 1513 3446 quo

412 3471 506 3549 posta
528 3462 573 3526 uti
599 3461 699 3536 solet,
719 3461 759 3524 ab
791 3465 891 3528 inesse
914 3470 977 3529 tam
1000 3467 1111 3549 paucis
1137 3467 1249 3532 litteris
1270 3466 1389 3551 distat,
1410 3466 1513 3531 utrix

411 3563 562 3631 credibile
590 3562 631 3627 sit
656 3562 744 3626 aliud
770 3563 940 3646 quicquam
969 3567 1020 3632 hic
1045 3569 1164 3633 latere.
1188 3575 1221 3633 at
1247 3567 1281 3631 id
1311 3586 1428 3634 versus
1455 3587 1512 3633 non

410 3666 545 3752 petitur.
567 3662 625 3729 sed
646 3664 802 3747 patietur,
822 3667 849 3731 si
871 3667 953 3732 illud
974 3672 1067 3735 rebus
1093 3671 1126 3734 in
1151 3669 1246 3735 linem
1267 3688 1384 3735 versus
1406 3669 1513 3735 reicie-

409 3790 500 3848 mus,
516 3788 586 3832 cum
601 3766 748 3831 librarios
763 3766 920 3833 formulae
935 3770 1144 3837 Lucretianae
1165 3771 1229 3835 iam
1252 3769 1347 3835 nimis
1363 3770 1512 3838 adsuetos

407 3871 459 3935 hic
475 3887 601 3952 quoque
617 3869 708 3933 Illud
727 3871 762 3934 io
783 3871 833 3933 lu‘s
847 3873 940 3936 rebus
957 3872 1158 3938 continuasse
1172 3892 1238 3937 non
1260 3872 1302 3936 sit
1316 3872 1511 3939 mirandum.

408 3971 582 4037 scribemus
604 3968 701 4050 igitur
722 3970 814 4034 Illud
833 3974 868 4035 in
890 3974 940 4037 bac
962 3977 1072 4039 citiam
1087 3989 1239 4040 vementes·
1258 3976 1365 4038 nasn’
1387 3998 1510 4040 anens—
1549 4006 1552 4063 3

408 4094 491 4135 sssr
507 4073 674 4157 Effupere.
690 4070 740 4135 his
755 4071 951 4137 simillimum
974 4081 1022 4139 est
1042 4075 1076 4138 in
1091 4099 1125 4155 11,
1137 4080 1198 4144 581
1223 4077 1316 4140 Illud
1334 4079 1372 4141 in
1394 4079 1445 4142 hie
1466 4079 1509 4142 ob·
1548 4110 1550 4153 ς

405 4177 563 4259 eiqaatam
590 4196 711 4258 quoque
738 4176 831 4239 rebus
859 4176 972 4242 babere
994 4178 1167 4259 Conuenit,
1188 4196 1295 4258 neque
1316 4177 1401 4244 haec
1422 4177 1509 4243 dissi·
1551 4172 1555 4197 ³

403 4273 510 4351 milia,
525 4272 559 4335 in
582 4271 697 4336 eodem
712 4276 774 4342 216
789 4275 883 4340 ulad
902 4279 935 4340 e’n
957 4279 1007 4343 his
1029 4303 1151 4364 quoqne
1173 4293 1201 4344 te
1223 4280 1314 4344 rebus
1328 4304 1508 4369 coporoeeere

403 4399 529 4441 avemus
536 4423 545 4455 7
558 4377 589 4436 et
601 4377 661 4441 891
675 4375 766 4439 Illud
779 4379 813 4440 ia
827 4378 877 4441 hb
894 4379 994 4463 epum
1007 4382 1100 4444 rebus
1111 4382 1288 4445 meminsse
1300 4380 1441 4448 decebat.
1457 4378 1507 4447 sed
1552 4400 1555 4413 ’

400 4477 435 4541 in
463 4475 622 4539 hocloco
649 4475 747 4540 verba
769 4476 945 4542 restituisse
972 4499 1038 4544 non
1064 4479 1202 4545 suffieit:
1223 4481 1320 4563 longe
1349 4485 1437 4548 enim
1462 4482 1505 4547 hie
1543 4497 1554 4557 ζ.

401 4575 562 4642 difficilius
584 4582 633 4640 est
654 4595 759 4642 rerum
782 4578 925 4644 ordinem
954 4586 985 4645 et
1007 4569 1202 4647 tractationis
1224 4581 1397 4651 universae
1418 4584 1503 4650 ratic
1542 4576 1547 4590 ’

401 4675 473 4743 uem
499 4677 700 4761 perspicere.
723 4699 797 4743 uam
822 4687 919 4765 posta
943 4683 1079 4766 primum
1106 4683 1283 4748 simulacris
1307 4705 1425 4752 sensus
1445 4705 1502 4750 uro
