3509 5442
804 546 819 609 l
1327 555 1369 618 63

254 717 374 781 multae
402 731 505 781 tamea
530 717 630 781 artri.
650 714 684 780 in
711 721 776 780 tam
803 720 916 781 exacta
943 723 1122 798 temporum
1149 722 1369 787 convenientia

255 817 335 882 nihil
360 819 465 882 obstat
488 839 551 900 quo
573 818 678 882 minus
693 818 923 903 Hieronymum
944 819 996 885 bic
1011 821 1162 887 Suetonio
1186 823 1263 888 satis
1284 832 1369 890 recte
1414 877 1417 882 .

254 939 352 983 nsum
380 939 452 984 esse
478 920 665 984 credamus:
686 939 747 984 nec
774 919 912 985 dubitari
932 929 1036 1005 potest
1063 925 1139 1006 quin
1166 924 1233 989 fere
1255 926 1367 991 eadem
1426 1007 1428 1014 Ι

255 1023 287 1085 in
311 1023 548 1087 commentariis
573 1024 606 1086 in
630 1023 766 1087 Lucretii
789 1042 916 1087 carmen
938 1025 1064 1109 scriptis
1091 1027 1264 1106 invenerit,
1287 1050 1368 1110 quos

256 1126 355 1207 vulgo
384 1131 477 1190 notos
503 1123 604 1190 fuisse
627 1131 759 1190 testatur
785 1125 818 1188 in
846 1127 998 1208 apologia
1019 1129 1052 1191 in
1075 1129 1220 1194 Rufinum
1244 1132 1366 1214 prima,

256 1233 343 1292 tomo
359 1250 384 1290 11
399 1248 429 1310 p.
443 1232 506 1296 472
530 1227 578 1291 ed.
595 1227 765 1292 Vallarsii.
782 1228 815 1291 in
838 1248 872 1292 re
895 1235 970 1293 nota
992 1230 1070 1293 nihil
1086 1252 1166 1314 opus
1187 1231 1245 1295 iiiit
1267 1239 1301 1296 ut
1316 1235 1366 1299 ci-

258 1330 385 1394 ceronis
411 1349 605 1413 praenomen
633 1336 784 1412 poneret,
809 1350 880 1394 curn
908 1350 1000 1394 nemo
1027 1333 1189 1413 ignoraret
1216 1335 1365 1412 Quintum
1463 1393 1465 1396 a

256 1430 508 1511 intellegendum
523 1450 614 1508 esse,
632 1451 703 1496 eum
718 1431 821 1514 ipsum
846 1433 935 1496 cuius
950 1432 1046 1497 frater
1062 1433 1101 1499 de
1116 1437 1264 1501 Lucretio
1286 1438 1367 1502 iudi-

257 1532 340 1595 cium
369 1534 503 1616 probat,
520 1533 680 1597 bominem
706 1533 739 1597 in
767 1533 879 1599 studiis
905 1535 1037 1618 poeticis
1066 1545 1246 1616 versatum,
1261 1561 1366 1622 neque

256 1656 274 1698 a
288 1635 495 1719 philosophia
509 1636 668 1713 alienum,
686 1636 743 1700 sed
765 1636 845 1699 nulli
860 1643 964 1701 certae
980 1638 1167 1722 disciplinae
1183 1641 1364 1707 addictum.

256 1744 287 1800 at
309 1738 412 1802 nostri
434 1739 641 1821 interpretes,
663 1739 755 1821 quasi
777 1739 899 1803 nullum
923 1741 983 1805 nisi
1007 1748 1164 1807 oratorem
1180 1742 1365 1809 Ciceronem

256 1846 409 1918 nossent,
429 1840 470 1905 de
485 1840 622 1904 Lucretii
644 1840 817 1905 carminum
834 1840 1055 1908 emendatione
1071 1844 1270 1908 mendacium
1294 1865 1365 1911 csse

256 1944 414 2020 clamant,
432 1949 538 2008 cetera
552 1943 671 2007 Donati
692 1948 722 2006 et
737 1942 923 2026 Hieronymi
947 1965 1010 2007 non
1031 1950 1202 2024 exornata,
1219 1946 1277 2010 sed
1292 1939 1380 2012 ficta·
1400 2021 1403 2025 ‚

255 2052 284 2110 et
307 2045 530 2137 commenticia
550 2045 774 2131 pronuntiant.
796 2030 856 2125 ego
880 2064 955 2128 vero
983 2046 1016 2110 in
1038 2047 1296 2131 Hieronymianis
1318 2049 1365 2112 ni·

255 2147 297 2210 bil
314 2147 445 2223 omnino
469 2147 554 2229 quod
571 2147 657 2226 credi
679 2168 745 2213 non
760 2147 862 2229 possit
877 2147 1025 2212 invenio:
1041 2169 1144 2230 neque
1167 2150 1251 2217 enirn
1266 2157 1364 2216 totam

254 2249 367 2332 poe'sin
389 2269 446 2333 per
461 2249 626 2314 intervalla
641 2249 784 2314 insaniae
802 2250 1009 2333 compositam
1032 2251 1127 2330 dicit,
1144 2253 1202 2318 sed
1224 2254 1364 2336 aliquam

253 2357 398 2433 partem.
419 2350 494 2415 olim
522 2351 621 2415 fuisse
651 2351 704 2443 qui
732 2371 766 2443 se
795 2372 911 2421 nomen
939 2374 1066 2435 quoque
1094 2355 1203 2419 uxoris
1225 2355 1364 2419 Lucretii

252 2453 435 2537 repperisse
463 2459 609 2537 putarent
629 2505 636 2530 ‚
659 2455 773 2518 Petrus
802 2453 940 2533 Crinitus
968 2461 1126 2521 testatur:
1149 2463 1261 2541 postea
1288 2459 1364 2522 Sca-

253 2556 360 2645 liger,
384 2556 474 2620 cuius
503 2556 662 2637 insignem
689 2555 848 2647 quendam
877 2576 1015 2638 errorem
1043 2560 1147 2624 sciens
1176 2565 1363 2649 praetereo,

254 2657 391 2722 eandem
414 2679 479 2748 rem
496 2659 587 2740 quasi
601 2679 716 2741 novam
732 2657 862 2741 protulit
884 2658 926 2721 ad
940 2660 1113 2724 Eusebium
1135 2682 1164 2723 n.
1186 2665 1287 2728 1922.
1305 2662 1364 2725 sci-

253 2759 328 2824 licet
349 2760 383 2822 in
400 2761 613 2842 nugacissimo
637 2760 766 2838 libello,
784 2761 838 2842 qui
860 2762 942 2831 inter
958 2761 1143 2846 Hieronymi
1165 2782 1262 2844 opera
1277 2768 1362 2826 torno

253 2885 285 2923 xr
302 2861 408 2926 editus
431 2869 480 2926 est
501 2862 545 2926 iia
567 2862 758 2944 inscriptus,
781 2864 927 2927 Valerius
943 2864 1093 2948 liuffino,
1109 2889 1147 2927 ne
1170 2863 1264 2927 ducat
1285 2891 1362 2930 umo-

252 2990 315 3029 rem
329 3014 338 3046 7
354 2985 386 3047 p.
395 2968 462 3031 245
478 2964 557 3028 haec
569 2965 717 3044 leguntur
731 3013 737 3026 .
755 2966 851 3030 Livio
862 2969 1068 3029 virciniacum
1081 2967 1256 3051 interfecit,
1273 2993 1362 3051 quera

251 3069 348 3131 simis
360 3067 440 3131 odiit
450 3092 461 3148 ;
475 3066 610 3130 Lucillia
622 3093 711 3130 suum
718 3117 727 3148 ‚
741 3093 830 3152 quem
842 3070 937 3131 acinis
949 3069 1085 3131 amavit.
1102 3068 1160 3132 illa
1171 3083 1277 3152 sponte
1289 3073 1361 3133 melr-

251 3171 316 3232 cuit
332 3171 507 3251 aconitum,
524 3170 599 3233 daec
615 3159 897 3255 deceptafurcrem
909 3171 1094 3254 propinavit
1105 3194 1165 3254 pro
1177 3174 1294 3235 amoris
1305 3198 1360 3257 po—

250 3272 342 3334 culo.
359 3272 478 3351 amice,
494 3273 664 3334 contrariis
679 3271 901 3336 contenderunt
925 3274 1003 3335 votis
1018 3275 1116 3354 istae,
1133 3288 1245 3356 neutro
1260 3288 1361 3340 tameo

251 3371 448 3456 dqsracdara
464 3373 896 3458 estfloefraudisfemioeoe
912 3389 939 3438 et
951 3378 1085 3460 proprio
1100 3377 1219 3439 scilicet
1231 3376 1360 3442 donario.

339 3478 412 3541 931.
436 3497 537 3544 ouon
559 3496 693 3537 naurs.
710 3475 744 3537 ln
768 3472 848 3537 libro
873 3482 1019 3556 quart06
1043 3499 1200 3540 uncum.

338 3579 653 3645 932sxsonvnau
678 3598 799 3639 russeo
816 3625 821 3639 .
838 3578 874 3639 ln
899 3585 1009 3659 quarto
1034 3603 1173 3664 eurumr

337 3685 410 3746 942.
435 3680 506 3743 San
530 3691 662 3742 Porrus
685 3703 769 3742 'runi
792 3703 909 3742 eruero
934 3703 1124 3743 recasura
1147 3705 1358 3747 vrinnscnr.

248 3783 283 3845 ln
300 3781 384 3846 libro
400 3789 512 3862 quarto
535 3784 596 3847 tali
608 3797 728 3863 atocio,
746 3802 785 3846 ex
801 3804 863 3863 quo
881 3783 1027 3863 quadrati
1042 3783 1110 3864 ipse
1127 3783 1246 3864 primus
1263 3787 1360 3868 scrip-

248 3890 299 3948 tor
321 3882 396 3947 fecit
422 3883 610 3964 corrigendo
639 3886 699 3948 tali
719 3897 854 3947 attacta.
872 3884 933 3947 boc
956 3884 1127 3947 absurdum
1157 3889 1225 3947 est:
1242 3891 1360 3950 attactu

249 3984 354 4048 mellis
377 4004 442 4048 non
466 3986 667 4050 convalescet
689 4005 787 4068 puer,
805 3985 862 4049 sed
885 3985 1034 4049 absinthii
1057 3985 1205 4068 potione,
1222 3987 1288 4051 sive
1312 4009 1360 4053 er-

249 4106 342 4162 rore,
359 4092 394 4150 ut
415 4086 535 4168 placuit
554 4089 677 4169 Tassc,
694 4087 736 4151 do
758 4090 917 4173 l'c‘aqoaoo
940 4113 1015 4150 cuo.
1032 4088 1197 4172 talifocto
1219 4105 1360 4154 recreato

250 4189 377 4271 probari
400 4194 529 4270 posset,
547 4188 573 4252 si
592 4188 644 4252 hic
661 4188 764 4252 Ovidii
791 4210 903 4254 versus
919 4195 1022 4266 esset,
1040 4189 1094 4270 qui
1110 4189 1235 4272 scripsit
1256 4192 1288 4253 in
1312 4211 1360 4254 re-

250 4289 363 4353 mediis
385 4289 503 4354 amcris
517 4295 580 4357 479
604 4293 696 4370 Quod
714 4295 815 4376 siquis
838 4294 1115 4377 castrumfortem
1138 4294 1193 4355 doc
1218 4295 1358 4373 incuset,

250 4393 368 4454 Achaiai
376 4416 386 4472 ,·
403 4391 524 4456 scilicet
539 4413 602 4455 non
617 4399 778 4472 vestrum,
795 4394 853 4458 sed
869 4414 994 4458 rneum.
1011 4399 1044 4456 at
1058 4393 1217 4457 veteribus
1233 4380 1363 4480 infarri

251 4492 406 4556 vocabulo
434 4493 589 4573 singulari
620 4516 750 4560 numero
779 4496 882 4577 posito
909 4496 1028 4559 nullam
1058 4495 1359 4559 subiecti-variatio-

251 4613 320 4657 nem
345 4594 510 4659 admittere
533 4596 671 4679 placuit.
689 4597 795 4677 itaque
811 4598 942 4660 Plautus
971 4598 1039 4661 sine
1064 4598 1130 4660 ulla
1151 4598 1358 4677 ambiguitate

251 4696 377 4778 scripsit
391 4697 425 4759 in
437 4698 569 4781 Epidico
586 4722 605 4776 Ι,
618 4705 679 4775 ‘ab
697 4700 761 4777 Qui
773 4701 934 4780 recident,
951 4704 1051 4764 omnis·
1065 4702 1208 4762 isiruicos
1223 4701 1270 4760 rai
1284 4702 1358 4760 istoc
