3509 5442
325 564 386 629 190
857 554 902 618 ΠΙ

323 729 442 811 scripta
463 726 580 792 edidit.
598 725 669 802 Qum
690 724 761 789 Itali
785 729 816 789 et
834 723 989 789 Marullus
1012 729 1044 790 et
1064 723 1240 808 Aventius,
1258 723 1432 789 secundum

323 829 453 894 cosdem
475 830 572 894 Italos
595 828 748 894 Aventius
771 831 921 892 iacentem
944 849 1003 904 sn,
1020 827 1195 891 Lambinus
1216 848 1390 890 occasu.

409 938 480 1001 890.
515 951 825 994 ronanansscsus
865 951 1024 992 suanum
1047 979 1055 992 .
1078 928 1149 992 Itali
1188 934 1219 993 et
1257 928 1432 994 Brixiensis

324 1036 420 1100 editio
444 1055 702 1097 ronnascnua.

408 1143 480 1206 893.
505 1158 669 1199 soranus
697 1155 896 1197 cenorum.
925 1132 1079 1197 Marullus
1105 1155 1295 1197 ceramum
1315 1180 1324 1195 .
1347 1131 1434 1196 sobo-

323 1239 433 1303 liastes
456 1238 551 1302 Statii.
573 1237 614 1301 ad
637 1236 819 1301 Thebaidos
833 1258 880 1318 111,
897 1241 938 1304 98
960 1250 994 1299 at
1015 1238 1205 1317 Lucretiae,
1221 1237 1316 1300 Iacto
1340 1234 1434 1296 berni·

324 1344 376 1406 ar's
397 1342 560 1425 sepultura
582 1342 666 1404 ar‘br'l
680 1339 832 1425 prodest.

410 1447 481 1510 894.
505 1443 631 1505 numu
653 1463 724 1504 nou
746 1463 869 1504 nouus
886 1463 1059 1504 acuuntur
1073 1489 1079 1503 .
1095 1441 1143 1503 Ita
1158 1439 1342 1520 oblongus.
1360 1454 1434 1518 qua-

324 1544 434 1607 dratus
463 1546 617 1608 Vimiam:
632 1563 705 1606 nam
729 1562 800 1607 eum
822 1543 941 1606 habere
957 1543 1042 1606 Nara
1064 1544 1129 1606 iam
1143 1538 1347 1604 mendacium
1370 1543 1433 1602 est.

325 1646 400 1709 olim
421 1646 568 1728 impressi
590 1647 733 1710 Atacem
753 1645 805 1710 vel
828 1647 983 1725 Arciam,
1005 1642 1090 1707 unde
1106 1643 1262 1707 Marullus
1284 1645 1331 1707 At
1352 1645 1434 1706 iem.

326 1748 523 1830 aptissimum
546 1754 595 1813 est
615 1749 683 1810 lau
705 1751 770 1812 r'ara
782 1797 790 1828 ,
807 1746 893 1828 quod
916 1746 1012 1810 habet
1033 1745 1189 1810 Antonius
1212 1743 1328 1808 Marii.

413 1857 485 1920 891.
508 1872 617 1913 raom
638 1871 891 1912 unonnurmos
914 1870 1021 1911 ussa.
1044 1847 1212 1912 (lorrector
1234 1845 1385 1929 quadrati
1407 1851 1436 1908 et

325 1953 410 2017 idem
432 1954 589 2018 Antonius
611 1973 760 2015 sucuro.
1420 2013 1423 2018 ,

412 2060 483 2122 902.
508 2054 587 2130 Quo
611 2077 702 2117 nunu
727 2077 757 2117 s1
780 2075 963 2117 mossur.
988 2053 1070 2117 Olim
1092 2051 1351 2137 impressi,item
1373 2052 1436 2115 An·

325 2157 431 2221 tonius
454 2163 485 2219 et
505 2156 682 2233 Marullus,
706 2155 813 2231 Quoo
838 2159 930 2221 berre.

413 2264 485 2326 996.
509 2260 560 2322 Ar
586 2279 652 2320 nos
680 2279 884 2321 uonu1s1oo
919 2279 1030 2320 cruuu
1056 2278 1204 2320 sacrun
1239 2277 1283 2318 ra
1319 2276 1435 2318 ruore

328 2382 442 2425 nosco
456 2409 463 2423 .
479 2359 603 2423 Nonius
618 2380 647 2441 p.
661 2366 712 2440 93,
725 2366 765 2428 33
786 2362 1001 2446 Compactiora,
1018 2363 1052 2424 r'a
1074 2363 1209 2424 cicerem
1228 2359 1434 2422 dissolutam.

303 2474 306 2479 ’
318 2465 476 2551 fiparatr'o
492 2475 525 2524 at
541 2463 727 2547 tabefactam
743 2478 771 2528 et
783 2464 991 2548 labefactam.
1008 2463 1175 2525 Lucretiae
1190 2461 1243 2524 tib.
1259 2481 1297 2522 111
1311 2461 1370 2525 Ad
1382 2473 1445 2524 aos'

329 2567 476 2630 borritr'co
500 2586 734 2628 amasiorum
757 2579 785 2629 te
804 2589 903 2650 prope
928 2566 1039 2627 cobar.
1056 2561 1192 2644 pessime
1214 2561 1437 2644 interpretatur

329 2667 468 2749 Nouius,
479 2664 574 2729 huius
598 2664 684 2729 modi
699 2667 867 2730 verborum
890 2664 1021 2728 rationis
1036 2664 1187 2744 ignarus:
1203 2682 1278 2726 nam
1300 2665 1436 2748 cinefac-

328 2785 376 2835 111
392 2790 456 2833 non
472 2774 521 2833 est
541 2751 570 2831 is
586 2767 640 2850 qui
656 2767 734 2832 cinis
753 2767 855 2831 factus
877 2771 945 2850 est,
963 2785 1056 2846 quem
1072 2765 1184 2828 Latine
1199 2763 1318 2828 licebat
1333 2764 1437 2829 dicere

327 2872 517 2956 crispicatcra
542 2869 592 2933 vel
607 2869 725 2934 rustico
741 2869 898 2933 vocabulo
921 2869 1137 2954 crica’factcm
1159 2867 1247 2952 (nam
1270 2869 1327 2931 boc
1350 2869 1437 2932 11111

328 2972 446 3036 habent
468 2970 627 3052 glossaria
648 2971 790 3036 Labbaei
820 2976 851 3034 et
874 2970 1000 3035 Siculus
1023 2970 1156 3034 Flaccus
1179 2968 1221 3031 de
1242 2954 1437 3033 condicioni·

327 3074 388 3138 bus
414 3093 564 3154 agrorum
582 3094 613 3156 p.
630 3078 699 3157 140,
715 3078 752 3140 11
767 3124 774 3150 ,
789 3073 864 3137 item
890 3073 944 3137 alii
969 3089 1132 3136 mensores
1147 3091 1177 3153 p.
1191 3076 1263 3152 308,
1276 3074 1296 3137 3
1308 3069 1366 3154 5),
1383 3069 1438 3134 sed

327 3200 427 3261 prope
441 3177 613 3261 eiaefmaa
630 3180 677 3239 est
699 3174 753 3256 qui
774 3175 837 3238 iam
852 3195 952 3258 prope
976 3175 1090 3240 cineris
1106 3172 1244 3237 colorem
1259 3177 1292 3236 et
1305 3171 1438 3255 adspec-

329 3284 395 3342 tum
419 3282 552 3341 nanctus
575 3282 642 3352 est3
660 3295 699 3339 ex
723 3296 785 3359 quo
805 3282 938 3360 apparet
959 3295 1055 3341 versu
1076 3273 1221 3358 proximo
1236 3274 1439 3338 membranas

331 3386 414 3444 recte
433 3379 550 3443 habere
567 3378 796 3442 Insatiabilicer
812 3379 1009 3464 deflevimus,
1025 3377 1125 3441 libros
1142 3376 1317 3458 impressos
1332 3375 1438 3459 inepte

330 3481 508 3565 delebimus
521 3528 527 3542 .
545 3478 666 3543 scilicet
679 3479 760 3543 haec
773 3480 872 3543 verba
887 3486 959 3542 ante
972 3479 1078 3542 omnia
1092 3479 1133 3542 ab
1149 3477 1222 3542 aliis
1237 3477 1439 3558 segreganda

331 3588 423 3666 sunt,
441 3601 511 3665 cum
535 3581 650 3663 quibus
672 3581 750 3645 nihil
766 3601 931 3645 commune
952 3581 1070 3644 habent
1084 3632 1092 3659 ,
1108 3587 1143 3644 ut
1157 3579 1354 3665 benefacere
1366 3629 1374 3659 ,
1381 3579 1438 3664 fa

297 3749 300 3755 ,
332 3686 522 3770 bresecam,
538 3687 650 3770 raepar'
661 3684 712 3747 vel
728 3685 813 3747 lacrc'
820 3683 871 3747 vel
884 3683 1041 3768 conpendi
1051 3683 1103 3747 vel
1117 3683 1377 3769 camptifaccre,
1394 3683 1438 3746 la·

332 3788 529 3872 densescere,
545 3787 748 3871 valefacere,
767 3804 830 3865 quo
842 3784 911 3849 Afri
925 3784 976 3847 usi
991 3791 1063 3847 sunt
1078 3803 1135 3865 pro
1149 3786 1219 3848 cale
1234 3783 1355 3848 dicere.
1367 3803 1439 3847 nam

333 3908 372 3952 ea
394 3889 436 3952 de
466 3888 581 3970 quibus
603 3887 728 3968 agimus
750 3906 770 3948 a
791 3884 898 3949 verbis
926 3884 1046 3950 neutris
1069 3885 1286 3968 descendunt,
1301 3890 1339 3948 ut
1360 3901 1439 3950 came

321 3992 456 4074 facere,
472 3991 687 4075 rabefccere‚
701 3989 933 4074 putrefacere,
948 3987 1087 4052 eaccade
1094 3989 1231 4073 facere,
1245 3989 1438 4074 pallcfactas

332 4090 434 4175 (apud
444 4088 623 4154 Diomeden
637 4109 668 4171 p.
680 4088 774 4173 334),
792 4094 920 4153 cetera.
938 4108 1014 4169 crgo
1030 4091 1205 4173 cenesaeos
1217 4092 1266 4152 est
1277 4108 1298 4151 a
1308 4087 1437 4154 circada

331 4191 383 4256 vel
405 4192 605 4273 ciaeoceado,
622 4188 709 4271 quod
732 4210 795 4253 non
818 4190 923 4255 minus
944 4197 1031 4255 recte
1054 4191 1116 4255 dici
1131 4190 1233 4273 potuit
1247 4209 1345 4270 quam
1361 4193 1436 4255 ciae-

333 4316 471 4368 receere,
489 4312 551 4372 quo
573 4291 804 4356 Tertullianum
826 4312 920 4357 usum
942 4312 1013 4356 esse
1040 4293 1074 4355 in
1096 4292 1199 4356 lexica
1214 4291 1351 4356 relatum
1374 4295 1437 4356 est:

333 4393 435 4457 simile
451 4392 534 4457 enim
550 4399 598 4458 est
612 4394 699 4474 quod
713 4394 864 4457 Horatius
884 4393 964 4457 dixit
978 4395 1155 4479 eiac'floaec.
1171 4392 1380 4457 memorabile
1395 4395 1438 4456 est

333 4500 439 4559 autem
453 4515 518 4558 non
530 4495 636 4559 omnia
651 4515 671 4558 a
684 4493 791 4558 verbis
806 4494 967 4558 secundae
979 4494 1199 4560 declinationis
1214 4493 1368 4573 formari,
1384 4491 1438 4560 sed

333 4621 407 4662 vace
419 4597 502 4681 fleri
514 4603 545 4661 et
560 4599 628 4662 labe
640 4597 723 4681 fieri
733 4614 755 4659 a
773 4619 889 4660 uacare
911 4597 1084 4679 silebere,
1101 4611 1195 4662 treme
1207 4598 1324 4682 facere
1347 4617 1369 4660 a
1383 4610 1436 4661 trc-

332 4723 416 4765 mere
427 4747 435 4781 ,
457 4700 709 4788 caperqefactam
730 4717 807 4762 vero
828 4717 870 4762 ne
892 4697 933 4761 ab
957 4723 1125 4785 eaperpere
1148 4698 1298 4783 quidem,
1319 4699 1379 4764 sed
1399 4695 1437 4763 ab
