3509 5442
373 579 438 645 436
891 512 990 633 merx

374 741 510 811 Polynice
528 743 575 797 50.
949 736 1080 808 punicus,
1100 737 1242 792 Puniceus
1263 740 1330 794 128.

375 827 530 895 Pompeius
549 827 745 894 grammaticus
764 828 812 881 28.
949 822 1111 892 purefueere
1130 825 1198 880 410.

376 914 549 982 Pomponius
575 914 698 966 comicus
727 913 777 967 197
802 913 854 966 262
877 912 931 967 362
950 913 1048 979 putare
1068 929 1127 961 eam
1146 914 1297 963 accusativo
1313 914 1388 968 353.

430 1001 495 1054 392.
951 996 1051 1048 Puteis
1070 997 1232 1064 regionibus
1251 1000 1320 1053 392.

377 1086 550 1155 Pomponius
569 1083 645 1137 Mela
663 1086 727 1139 281.
951 1086 1113 1150 patescere,
1132 1072 1311 1151 putrescere,
1331 1090 1417 1155 putor
1431 1087 1492 1141 188.

378 1171 504 1243 pondera
521 1173 586 1228 380.
954 1166 1058 1236 quoad,
1079 1168 1170 1236 quoad
1189 1170 1256 1224 331.

379 1261 497 1327 pontes,
517 1274 590 1309 mure
609 1255 673 1310 294.
954 1271 1009 1323 qua
1027 1256 1141 1324 propter
1158 1255 1205 1309 35.

380 1342 486 1412 Popilli
504 1358 597 1412 pugna
613 1343 678 1397 329.
954 1339 1051 1410 quassi
1064 1342 1110 1404 91,
1125 1357 1211 1409 quase
1225 1345 1272 1396 91.
1286 1344 1356 1397 item
1370 1345 1452 1414 quasi
1465 1348 1507 1401 98.

381 1429 523 1492 Porsena,
543 1432 690 1483 Porsenna
708 1432 755 1486 37.
1008 1427 1088 1495 quasi
1106 1442 1173 1480 vero
1191 1427 1257 1482 405.

382 1517 540 1585 postmodo
552 1518 615 1571 116.
628 1520 729 1586 postea
741 1517 804 1572 104.
818 1532 870 1586 pos
883 1517 936 1571 274
955 1517 1086 1582 quattuor
1104 1516 1268 1580 disyllabum
1287 1519 1354 1573 193.

435 1602 499 1656 276.
519 1619 654 1672 posquam
675 1606 739 1660 118.
957 1606 1027 1668 -0116
1046 1600 1082 1653 34
1100 1600 1147 1653 75.
1411 1600 1414 1605 ’

382 1691 449 1758 pote
468 1689 534 1743 313.
559 1690 687 1758 perimit,
711 1688 778 1759 poti'
796 1690 853 1743 sint
870 1690 935 1744 314.
956 1702 1038 1754 quem
1056 1687 1210 1740 ammodum
1229 1691 1295 1744 118.

437 1775 560 1843 poterint
578 1778 643 1831 238.
957 1772 1016 1841 qui.
1031 1772 1109 1825 ouius
1122 1777 1335 1842 monosyllabum
1345 1779 1393 1832 26.
1408 1779 1508 1849 siquae

385 1859 507 1930 praefica
525 1864 589 1917 139.
1009 1858 1073 1913 400.
1093 1859 1212 1924 animus,
1233 1878 1316 1929 quarn
1332 1870 1453 1918 mentem
1466 1884 1507 1919 vo·

384 1948 535 2017 praemium
554 1949 618 2002 135.
1010 1960 1104 1997 eamus
1121 1945 1184 1998 145.
1204 1947 1278 2015 quod
1299 1957 1432 2020 superest
1449 1954 1508 2008 225.

385 2048 517 2102 praepes,
536 2035 672 2104 praepitis
689 2037 736 2089 20.
1011 2031 1084 2100 qnod
1109 2050 1166 2084 eum
1184 2034 1332 2088 indicativo
1353 2039 1420 2094 304.
1440 2039 1509 2108 quod

272 2140 285 2153 .
385 2134 554 2188 μαθημα,
574 2123 638 2176 135,
1011 2117 1054 2169 sin
1078 2119 1143 2171 168.
1163 2134 1218 2186 quo
1241 2120 1343 2176 citius?
1367 2126 1435 2179 226.
1459 2142 1509 2195 quo

386 2221 502 2275 praesse
523 2208 586 2261 135.
774 2232 777 2237 ·
1011 2203 1112 2269 magis,
1131 2209 1189 2257 tam
1207 2208 1296 2275 magis
1317 2211 1381 2266 109.

387 2298 534 2362 praeterea
552 2310 634 2362 qnam
653 2296 718 2349 257.
959 2289 1023 2357 quia
1040 2305 1102 2341 nam
1120 2290 1167 2344 45.

386 2378 548 2448 praevides,
567 2397 649 2449 praes
673 2383 737 2436 393.
960 2375 1026 2445 quid
1045 2376 1070 2429 si
1089 2377 1160 2431 enim
1179 2380 1243 2436 184.

387 2465 533 2534 precantia
552 2469 721 2535 trisyllabum
741 2469 805 2522 115.
959 2463 1024 2531 quin
1045 2463 1094 2517 44·

388 2550 466 2620 preci
485 2552 548 2605 174,
961 2549 1148 2615 Quintilianus
1173 2554 1208 2608 29
1232 2556 1283 2610 137
1309 2557 1362 2611 184
1386 2558 1439 2613 213
1463 2561 1512 2614 245

388 2635 510 2705 Priapes
528 2641 562 2694 36
581 2642 631 2695 197
652 2643 702 2696 199
720 2643 786 2696 327.
1012 2639 1064 2692 280
1081 2638 1147 2692 286.

388 2722 554 2794 principium
568 2747 621 2794 pro
639 2728 794 2798 principum
812 2729 857 2783 51.
961 2721 1091 2792 quisque.
1106 2741 1187 2792 quam
1198 2743 1309 2797 quoque
1318 2731 1424 2798 magis,
1436 2737 1512 2786 tanto

388 2810 526 2880 principio
546 2815 609 2868 127.
1013 2811 1114 2879 quique
1132 2813 1221 2880 magis
1239 2815 1303 2869 372.
1323 2833 1375 2870 sua
1388 2835 1513 2888 quaeque

387 2896 551 2951 Priscianus
571 2900 622 2956 148
641 2903 690 2955 191
709 2903 762 2957 210
779 2902 843 2958 284.
1014 2909 1059 2950 elc-
1079 2897 1126 2952 94·

388 2998 438 3053 pro
459 3000 539 3053 quem
557 2987 620 3043 348.
962 2984 1100 3053 quisquis.
1120 2984 1253 3054 quidquid
1273 2989 1324 3043 147
1342 2989 1408 3045 340.
1425 2993 1512 3047 cuius·

388 3069 520 3140 probeat,
540 3073 652 3142 probet,
674 3093 690 3124 a
707 3077 872 3142 prohibendo
891 3077 943 3130 134
1014 3071 1092 3124 cuius
1106 3073 1169 3137 101,
1183 3074 1363 3128 cuicuimodi
1377 3078 1425 3133 27.
1439 3079 1513 3149 quic·

425 3158 489 3212 188.
1014 3158 1080 3226 qnid
1091 3177 1143 3228 pro
1157 3160 1276 3230 quicque
1289 3164 1353 3228 286,
1368 3168 1408 3219 ric
1422 3182 1513 3235 quern·

389 3244 527 3314 proclive,
546 3244 680 3314 proclivei
699 3248 745 3302 98.
1014 3262 1094 3315 quem
1110 3262 1220 3316 quoquo
1235 3265 1346 3319 quaqua
1364 3252 1418 3310 280
1436 3255 1497 3309 287.

389 3329 543 3401 procudere
562 3333 626 3386 229.
962 3331 1037 3402 quod
1052 3350 1104 3400 pro
1124 3338 1193 3402 quot
1210 3335 1274 3390 155.

389 3417 505 3488 prodius
524 3419 575 3472 227
584 3461 590 3472 .
963 3435 1045 3488 quom
1062 3421 1098 3474 58
1117 3422 1162 3475 71.

389 3503 540 3575 profluvius
558 3505 622 3559 306.
962 3509 1016 3575 quo
1036 3505 1118 3559 modo
1138 3509 1272 3565 116118.

390 3589 528 3662 projeere,
547 3591 674 3660 proicere
694 3594 757 3649 188.
961 3593 1075 3662 rapidus
1093 3595 1145 3649 253
1162 3596 1227 3650 317.

390 3678 485 3750 proin,
505 3677 622 3747 proinde
641 3680 703 3735 148.
961 3680 1078 3733 reboare
1096 3682 1161 3736 240.

390 3765 515 3835 promitti
534 3765 598 3820 253.
961 3767 1102 3821 reccidere
1121 3770 1185 3824 303.

390 3851 556 3921 Propertius
576 3853 610 3907 56
628 3855 662 3908 66
682 3856 800 3910 102161
822 3856 870 3911 181
891 3853 1170 3911 22510010101377.

443 3938 496 3992 226
517 3938 570 3995 252
593 3940 718 3996 253271
742 3943 793 3998 279
816 3945 868 3999 326
891 3945 942 3998 327
962 3939 1114 3994 redducere
1133 3944 1198 3998 303.

444 4024 508 4079 367.
963 4027 1039 4095 regio
1058 4027 1135 4091 vias,
1154 4031 1232 4098 regio
1251 4039 1330 4086 recta
1347 4037 1398 4090 88.

392 4126 525 4182 proporro
544 4113 731 4171 82288331.
962 4113 1083 4166 relicuus
1102 4114 1167 4170 305.

390 4197 525 4267 prospice
542 4200 604 4253 307.
774 4269 779 4278 Ι
962 4201 1077 4254 rellatns
1096 4203 1161 4258 303.

391 4299 516 4355 prosum,
536 4300 662 4353 prorsum
678 4289 741 4345 144.
962 4287 1085 4356 relligio,
1105 4289 1250 4359 relliquiae
1269 4293 1336 4348 281.

390 4370 554 4441 protrudere
577 4374 641 4428 229.
962 4373 1093 4442 reloquus
1111 4376 1176 4430 306.

390 4474 524 4529 proxuma
544 4461 606 4514 125.
962 4462 1139 4514 rememorari
1156 4466 1202 4520 80.

390 4547 530 4616 publicum
550 4548 689 4601 1101037.
962 4549 1097 4619 reperire,
1117 4553 1259 4622 repperire
1277 4557 1347 4630 210.

389 4632 480 4702 pulvis
499 4634 541 4689 59.
961 4637 1118 4706 repetentia
1136 4641 1199 4697 186.
