3509 5442
871 561 886 625 l
1388 567 1428 634 61

406 737 481 802 912.
504 732 614 797 Icuns
637 755 656 796 n
678 755 838 797 mosum.
856 732 936 797 Cum
957 732 1029 795 Itali
1051 732 1157 815 inepte
1171 732 1321 798 fecissent
1335 735 1430 821 [quiea

318 861 333 900 e
358 837 458 922 liparis
469 884 477 916 ,
493 833 710 900 Wakefieldus
732 835 822 916 quasi
844 855 903 918 per
924 833 1071 898 nebulam
1095 834 1272 916 suspicatus
1297 835 1330 898 id
1351 835 1431 901 vidit

319 935 409 1018 quod
423 936 626 1001 manifestum
648 941 717 1016 est,
732 960 776 1003 ur
792 940 932 1023 leporem.
948 934 1073 1000 viderat
1093 935 1155 1000 hoc
1170 939 1243 1000 ante
1267 956 1339 1001 eum
1361 958 1429 1002 cor-

317 1043 425 1103 rector
447 1037 616 1120 quadrati.

405 1145 479 1208 918.
525 1140 629 1203 Hanc
667 1161 855 1205 narrour.
881 1141 1047 1207 Oorrcctor
1084 1140 1229 1222 quadrati
1265 1145 1296 1205 et
1334 1142 1429 1206 ceteri

318 1242 421 1305 Hac.

406 1349 480 1412 919.
504 1345 595 1407 Frsr
618 1366 742 1421 urrais
765 1368 810 1408 ur
831 1368 979 1410 anucco
997 1395 1004 1409 .
1021 1345 1187 1426 Oblcngus
1209 1344 1312 1427 prima
1334 1368 1431 1411 manu

318 1460 353 1509 ut
376 1448 498 1511 emula.
518 1447 588 1511 Itali
611 1452 644 1512 et
664 1447 812 1530 impressi
833 1452 884 1513 ati
910 1451 979 1514 utcu
1002 1470 1194 1512 renuuno.
1214 1447 1248 1510 in
1270 1469 1303 1526 11,
1316 1454 1378 1518 976
1402 1464 1430 1515 et

319 1551 389 1613 risa
414 1551 565 1614 tremulo.

405 1655 479 1718 922.
502 1653 580 1715 Nnc
608 1673 656 1713 un
683 1673 790 1714 nurui
819 1675 951 1716 renum
970 1697 1057 1705 —-
1074 1658 1147 1721 927.
1170 1655 1287 1716 Tarra
1315 1676 1428 1718 saco.

319 1754 387 1818 Hos
412 1772 524 1818 versus
544 1754 725 1820 Macrobius
752 1754 786 1818 in
808 1777 842 1817 v1
857 1755 984 1819 Saturn.
1009 1774 1077 1838 cap.
1099 1761 1119 1822 2
1140 1755 1259 1839 profert
1285 1775 1325 1820 ex
1347 1757 1429 1819 libro

319 1855 422 1938 primo
449 1855 613 1934 Lucretii,
636 1855 769 1920 collatos
795 1875 865 1921 cum
892 1856 1085 1938 Vergilianis
1109 1857 1159 1921 his
1186 1877 1226 1922 ex
1256 1857 1429 1938 georgicon
1450 1896 1452 1898 -
1505 1922 1508 1928 ,

319 1981 365 2036 111,
378 1962 464 2038 289,
480 1959 547 2023 Nec
574 1982 643 2023 amn
671 1950 775 2023 animi
793 1958 909 2023 dubias
920 2009 928 2041 ,
944 1961 1047 2024 verbis
1073 1985 1110 2024 ea
1131 1962 1254 2024 vincere
1280 1983 1430 2047 mappam

320 2061 423 2138 Quam
437 2063 480 2124 sit
495 2074 523 2126 et
537 2063 682 2148 anpastt's
696 2060 777 2126 baca
792 2060 910 2126 addere
925 2064 1017 2127 rebus
1030 2064 1195 2126 bonorem:
1211 2061 1276 2128 Sed
1287 2087 1335 2127 me
1348 2063 1428 2126 Par-

318 2166 396 2228 nasi
408 2163 533 2228 deserta
543 2163 719 2248 perardua
732 2162 835 2227 dulcis
847 2164 967 2249 Raptat
979 2190 1086 2229 amor.
1103 2167 1191 2228 abeat
1205 2166 1252 2229 e‘re
1264 2167 1348 2251 iupis
1366 2190 1430 2250 qao

318 2266 411 2330 nulla
418 2267 569 2351 probrum
586 2266 759 2330 Castaliam
773 2267 866 2331 molli
877 2266 1049 2332 devertitur
1064 2267 1165 2330 orbita
1180 2267 1279 2331 clivo.
1296 2287 1429 2348 quorum

319 2367 469 2432 absoluta
482 2365 740 2450 interpretatione
756 2367 885 2433 Servius
908 2367 1078 2452 adscripsit
1093 2370 1157 2433 Hic
1173 2382 1275 2433 atatem
1291 2383 1370 2434 totus
1387 2371 1400 2433 l
1418 2410 1428 2419 -

319 2496 374 2535 cas
390 2471 429 2535 de
445 2471 592 2535 Lucretio
608 2472 782 2536 translatas
798 2486 864 2536 eet:
881 2491 939 2536 nec
954 2475 1061 2554 potest
1076 2468 1213 2533 dubitari
1229 2471 1305 2551 quin
1317 2470 1430 2554 Vergi-

318 2572 382 2636 lius
405 2573 467 2636 hos
489 2591 600 2637 versus
621 2572 656 2636 in
676 2573 758 2638 libro
781 2573 882 2656 primo
906 2572 1039 2655 scriptos
1061 2571 1195 2652 legerit.
1211 2571 1310 2635 nihilo
1325 2573 1430 2637 minus

319 2674 480 2739 ethorum
497 2679 638 2737 extrema
659 2679 691 2737 et
713 2695 795 2756 quae
812 2681 961 2741 secuntur
975 2674 1099 2738 Nonius
1115 2694 1149 2738 se
1172 2674 1205 2737 in
1220 2674 1301 2738 libro
1318 2681 1429 2757 quarto

318 2776 439 2858 legisse
450 2781 584 2841 testatur
597 2796 628 2859 p.
641 2779 714 2854 319,
730 2782 768 2845 15
780 2781 857 2857 aaa,
871 2785 891 2846 e
907 2784 980 2856 413,
996 2783 1034 2844 ro
1053 2782 1122 2854 rao,
1134 2767 1177 2843 ‘24
1192 2780 1264 2853 241,
1278 2781 1316 2843 31
1332 2825 1339 2838 .
1356 2797 1431 2841 auo-

318 2880 431 2943 toritas
461 2879 629 2959 utrobique
658 2898 760 2961 paene
787 2900 846 2963 par
868 2886 936 2958 est,
952 2879 1092 2944 carmina
1119 2878 1191 2961 ipsa
1219 2879 1300 2942 libro
1329 2878 1429 2961 primo
1473 2924 1477 2933 ·

319 2968 671 3058 accommodatissima,
693 3002 756 3045 non
780 2982 883 3064 quarti
904 2980 1110 3065 prohoemia,
1133 2979 1183 3043 cui
1206 2980 1304 3042 multo
1326 2981 1430 3045 minus

320 3082 515 3147 conveniunt
536 3082 615 3162 illa,
638 3085 840 3171 Relapc'onum
862 3088 1003 3148 abactam
1019 3066 1121 3146 'nodis
1151 3084 1308 3147 casolvere
1329 3108 1430 3169 perpe

319 3184 380 3270 (sic
403 3184 487 3248 enim
501 3185 670 3267 utrobique
685 3187 909 3264 membranae,
927 3182 1163 3269 nonuncium),
1181 3203 1276 3264 quam
1297 3182 1323 3249 si
1339 3206 1430 3268 prae-

318 3287 454 3352 cesserit
480 3291 515 3350 ut
540 3287 572 3350 in
594 3287 696 3371 primo
719 3290 813 3353 Narco
836 3315 894 3377 ape
905 3339 913 3371 ,
931 3289 1016 3375 quod
1043 3313 1138 3373 saper
1169 3300 1213 3351 est
1235 3312 1381 3373 capnosce
1403 3305 1431 3355 ct

318 3390 441 3453 clarius
457 3389 553 3471 audi,
571 3409 610 3453 cx
626 3409 688 3471 quo
705 3389 920 3472 intellegimus
935 3393 1058 3472 poetam
1081 3389 1114 3452 id
1130 3410 1227 3471 agere
1242 3396 1276 3453 ut
1290 3391 1431 3456 Memmii

317 3491 460 3554 animum
488 3487 697 3573 religionibus
726 3493 847 3556 solvat.
870 3492 929 3556 sed
959 3491 1018 3556 etsi
1047 3492 1258 3556 concedamus
1285 3493 1364 3558 haec
1389 3496 1429 3558 ab

318 3598 457 3675 utroque
479 3593 549 3658 loco
572 3615 637 3658 non
652 3595 758 3658 aliena
780 3614 873 3672 csse,
890 3599 996 3658 tamen
1020 3595 1292 3674 quibusversibus
1314 3597 1430 3677 aliquis

318 3695 383 3759 iam
407 3715 485 3760 usus
508 3696 548 3760 sit
568 3702 642 3779 apto
665 3697 757 3775 loco,
774 3697 904 3761 cosdem
919 3698 1133 3760 inrevocatum
1155 3696 1271 3759 iterare
1293 3697 1325 3758 in
1348 3698 1430 3761 alius

318 3797 391 3862 libri
407 3795 591 3880 prohoemio
608 3805 640 3864 et
654 3799 804 3882 pauperis
819 3799 940 3881 ingenii
958 3803 1006 3862 est
1026 3804 1056 3861 et
1071 3791 1190 3860 nullius
1205 3796 1334 3861 iudicii.
1353 3820 1430 3879 quo-

317 3920 389 3963 rum
413 3899 490 3982 quia
512 3905 657 3964 neutrum
679 3901 712 3964 in
734 3902 917 3965 Lucretium
945 3898 1049 3976 cadit,
1066 3898 1291 3978 Forbiger,‘ut
1313 3907 1361 3964 est
1382 3901 1430 3964 in-

297 4048 300 4053 .
318 4001 455 4066 feliciter
470 4003 642 4083 sagax,'in
664 4001 745 4067 libro
769 4003 869 4086 primo
894 3999 1137 4087 διασκευαστῆν
1159 3992 1330 4064 adoraturi
1346 4002 1430 4067 hunc

319 4103 545 4191 θυρσοπλῆγα
556 4105 654 4170 fuisse
666 4105 805 4183 mavult,
821 4105 1003 4169 Lucretium
1016 4123 1080 4166 non
1092 4103 1210 4182 credit,
1226 4123 1332 4185 neque
1346 4106 1431 4169 hunc

319 4208 394 4271 illas
410 4205 535 4271 divinos
551 4226 663 4272 versus
682 4206 822 4272 fudisse:
838 4206 1035 4288 Vergilium,
1052 4206 1127 4287 quia
1150 4205 1243 4269 simul
1265 4207 1352 4270 aliud
1368 4209 1430 4272 Lu-

321 4308 409 4374 cretii
425 4327 553 4372 carmen
573 4310 606 4373 in
621 4329 713 4393 usum
730 4329 821 4375 suum
840 4307 1012 4385 convertit,
1030 4307 1116 4388 quod
1132 4318 1180 4372 est
1201 4307 1234 4369 in
1249 4308 1329 4371 libro
1346 4332 1375 4386 v,
1388 4315 1427 4376 97

322 4412 385 4475 Nec
400 4435 448 4475 me
459 4412 663 4496 acimifallc't
673 4450 714 4458 -
728 4437 823 4497 quam
835 4412 969 4498 dp‘fiec‘le
982 4410 1018 4474 id
1027 4411 1110 4474 malti
1121 4413 1162 4473 sit
1171 4412 1353 4494 perccbcere
1365 4413 1429 4474 dcc-

323 4516 379 4593 tr‘s,
397 4532 438 4577 cx
460 4511 542 4575 libro
564 4513 665 4595 primo
681 4512 759 4576 nihil
775 4514 948 4595 sumpsisse
964 4511 1128 4588 adfirmat,
1145 4531 1215 4574 cum
1231 4517 1336 4576 tamen
1352 4512 1429 4577 etin

324 4614 547 4678 sententiarum
577 4615 799 4680 coniunctione
828 4620 858 4678 et
887 4616 920 4678 in
942 4615 997 4678 illo
1021 4615 1111 4678 dadai
1131 4639 1235 4678 actore
1262 4613 1429 4676 manifesta

324 4716 383 4780 sint
398 4715 583 4783 imitationis
598 4717 752 4800 vestigia,
770 4716 917 4799 idemque
930 4715 1090 4799 Vergilius
1106 4735 1146 4778 ex
1164 4715 1212 4778 his
1226 4715 1283 4776 illa
1293 4714 1428 4795 petierit,
