3509 5442
404 592 444 656 10
872 610 1025 652 ascensio

400 756 462 822 fide
486 758 663 838 eademque
686 764 752 819 arte
781 778 843 837 qua
865 759 1043 822 Mediceuru
1068 757 1198 837 Vergilii
1223 757 1363 821 codicem
1386 761 1506 840 Foggi-

401 859 472 922 nius
499 860 673 941 expressit,
695 859 716 920 ii
743 860 862 922 librarii
892 862 943 941 qui
968 860 1142 923 Vossianus
1169 859 1423 941 conscripserunt
1451 881 1506 924 ex-

401 961 521 1042 emplar
543 961 794 1041 antiquissimum
819 961 1008 1042 perductus
1033 962 1203 1023 litterarum
1228 961 1371 1039 singulos
1393 962 1506 1024 inritati

401 1070 525 1137 essent,
541 1063 574 1124 in
589 1063 727 1124 Lucretii
744 1062 935 1125 carminibus
959 1062 1182 1137 recensendis,
1200 1063 1347 1142 quoniam
1372 1070 1506 1143 uterque

401 1161 514 1225 eedem
537 1163 682 1244 exemplu
707 1162 841 1243 scriptus
867 1172 970 1238 esset,
987 1184 1089 1243 neque
1112 1163 1134 1223 ii
1156 1168 1276 1224 tantum
1300 1184 1435 1243 usquam
1459 1165 1507 1226 in-

399 1268 447 1326 ter
479 1283 513 1326 se
545 1272 696 1343 quantum
727 1266 887 1327 Romanus
918 1274 947 1327 et
981 1265 1142 1328 lledieeus
1169 1264 1308 1326 Maronis
1339 1265 1506 1328 dissentire

400 1370 549 1445 possent,
566 1365 643 1426 nihil
667 1384 743 1427 sane
760 1364 918 1443 agendum
936 1374 1020 1428 esset
1037 1365 1097 1428 nisi
1120 1373 1154 1428 ut
1169 1366 1325 1447 paucula,
1342 1366 1373 1428 in
1391 1367 1507 1446 quibus

401 1483 509 1527 eorum
532 1466 682 1528 alteruter
698 1474 881 1546 peccasset,
899 1475 1101 1528 notarentur:
1118 1487 1189 1528 narn
1214 1466 1289 1546 quid
1305 1468 1405 1549 prima
1430 1469 1507 1548 qnid

401 1565 464 1627 alia
487 1588 601 1635 manu,
621 1565 697 1646 quid
720 1567 800 1628 inter
815 1588 927 1629 versus
951 1574 1004 1629 aut
1026 1569 1058 1629 in
1075 1568 1216 1645 margine
1233 1569 1382 1649 scripturn
1400 1577 1505 1646 esset,

401 1665 477 1745 quid
505 1667 666 1731 inductum
693 1687 818 1731 erasum
847 1669 1114 1751 superscriptum,
1132 1669 1208 1748 quid
1231 1669 1367 1749 denique
1394 1671 1425 1732 vi
1453 1678 1508 1733 aut

400 1766 529 1830 madore
555 1768 737 1845 interisset,
762 1789 799 1831 ea
826 1770 933 1832 omnia
959 1770 1030 1832 libri
1062 1771 1159 1832 nostri
1186 1771 1421 1834 accuratissime
1453 1792 1508 1834 ex-

400 1886 511 1949 pressa
538 1877 832 1952 repraesentarent.
849 1891 957 1933 rerum
988 1872 1080 1936 liuius
1107 1870 1192 1933 nrodi
1220 1871 1296 1933 artis
1318 1892 1383 1934 non
1410 1872 1507 1937 modo

399 1968 454 2031 illo
484 1977 627 2053 tempore
656 1972 792 2034 studium
821 1971 879 2034 suit
902 1973 1148 2047 nullum,nulla
1174 1972 1318 2036 utilitatis
1346 1974 1507 2053 cognitio,

400 2070 457 2133 sed
479 2091 518 2133 ne
541 2075 648 2136 multis
671 2072 797 2153 quidem
821 2084 893 2154 post
914 2074 969 2135 illa
985 2075 1141 2151 saeculis3
1159 2094 1261 2153 ireque
1281 2074 1443 2138 loliannen
1458 2077 1509 2138 lc-

398 2171 525 2234 vianum
552 2176 729 2237 Pontanum
762 2195 858 2237 unum
887 2175 990 2238 'taciti
1020 2177 1160 2237 libellum
1193 2184 1256 2236 tarn
1290 2177 1509 2256 superstitiosa

399 2273 569 2337 sedulitate
600 2275 838 2356 transcripsisse
872 2276 956 2339 ullus
988 2276 1082 2339 horno
1110 2277 1264 2358 suspicari
1297 2278 1420 2358 potuit,
1445 2279 1508 2342 nisi

399 2372 567 2453 insigniter
588 2395 776 2459 perversus.
793 2377 901 2457 itaque
926 2397 964 2439 ea
987 2378 1091 2439 rirnnia
1108 2379 1303 2440 auctoritatis
1327 2387 1507 2457 rnonrcnta,

400 2493 500 2553 quae,
518 2477 544 2539 si
567 2477 671 2560 ipsum
698 2478 860 2558 exemplar
888 2488 1061 2540 ceterorum
1086 2482 1270 2562 maslianspon
1298 2481 1507 2560 liulicrenrus,

400 2578 500 2641 oeulis
523 2578 684 2641 observari
707 2587 857 2659 possent,
875 2579 917 2641 ita
941 2582 1071 2641 eonl'usa
1095 2591 1247 2661 apparent
1272 2590 1304 2642 ut
1329 2584 1509 2646 recensenti

399 2679 489 2759 paria
516 2679 614 2743 videri
643 2678 799 2743 debeant.
818 2680 876 2743 lroc
904 2680 995 2744 dico.
1013 2682 1201 2762 ubicumque
1230 2684 1416 2747 testimoniis
1446 2686 1509 2749 tide

400 2779 506 2859 dignis
532 2782 614 2843 inter
642 2799 676 2843 se
705 2780 828 2843 collatis
857 2784 1055 2863 prerspicuuur
1080 2794 1127 2845 est
1155 2784 1186 2844 in
1215 2785 1385 2865 archetypo
1410 2788 1510 2868 scrip-

399 2886 500 2944 turam
517 2884 615 2946 tuisse
635 2881 792 2963 duplicem
816 2884 895 2967 (lroc
918 2895 1021 2944 aritern
1046 2884 1088 2944 ira
1111 2892 1178 2959 est,
1196 2886 1342 2964 urriitiens
1359 2889 1510 2973 oldonpus

400 2988 431 3045 et
458 2986 632 3073 quadratus
660 2984 741 3046 inter
769 3005 803 3048 sc
831 2985 1039 3059 dissentiunt,
1058 3006 1158 3065 neque
1187 3006 1295 3048 corrnn
1324 2989 1508 3051 alterutrum

398 3102 533 3166 peccare
556 3092 610 3147 aut
633 3105 650 3148 e
671 3086 792 3149 schedis
813 3094 867 3148 aut
890 3088 1067 3149 0111111111»-
1092 3088 1156 3149 sive
1179 3108 1272 3150 rnanu
1295 3090 1418 3170 scriptis
1442 3091 1509 3154 sive

400 3189 562 3271 impressis
589 3186 767 3271 apparet),
791 3188 832 3250 ad
861 3189 1078 3250 recensionem
1115 3189 1263 3251 iudiciuin
1293 3189 1509 3254 adhibendum

400 3294 467 3361 est,
484 3306 587 3368 neque
611 3296 673 3349 tam
698 3302 782 3352 certo
809 3299 879 3351 utra
902 3289 1056 3370 scriptura
1072 3291 1230 3369 antiquior
1253 3293 1345 3354 luerit-
1367 3291 1428 3355 dici
1452 3314 1509 3375 po-

399 3393 480 3465 test,
503 3408 597 3468 quam
627 3403 697 3452 utra
724 3400 779 3453 aut
806 3411 882 3453 vera
909 3401 963 3452 aut
990 3410 1082 3452 verae
1111 3393 1239 3473 propior
1267 3394 1307 3456 sit
1333 3394 1508 3475 disputari.

399 3489 456 3553 sed
480 3509 540 3570 ego
564 3511 634 3554 curn
650 3490 711 3554 hoc
733 3492 772 3554 de
788 3493 913 3557 testium
930 3493 1076 3555 dissensu
1092 3492 1241 3556 iudiciuin
1265 3516 1367 3577 paene
1391 3497 1509 3576 ubique

399 3591 607 3655 certissimum
636 3598 667 3655 et
689 3600 778 3657 extra
799 3595 973 3678 periculum
997 3593 1133 3676 positum
1156 3595 1403 3673 intellexissem,
1421 3597 1508 3659 nolui

399 3693 538 3771 mendis,
556 3696 643 3775 quae'
666 3695 698 3757 in
727 3695 827 3757 altero
854 3696 935 3758 libro
963 3702 1089 3771 essent,
1106 3696 1137 3757 in
1166 3697 1264 3760 altero
1294 3718 1356 3760 ncn
1380 3705 1506 3775 essent,

400 3797 623 3861 enumerandis
647 3796 787 3860 taedium
815 3798 944 3861 etmihi
972 3806 1003 3860 et
1025 3797 1195 3860 lectoribus
1217 3799 1321 3862 tacere
1349 3800 1417 3864 sine
1441 3802 1506 3864 ullo

399 3895 442 3959 ad
464 3918 573 3962 verum
594 3900 820 3964 inveniendum
844 3901 1075 3964 emolumento.
1093 3899 1158 3962 scio
1188 3901 1315 3980 quidem
1338 3903 1454 3966 multos
1477 3903 1509 3965 in

399 3996 514 4062 haere
539 4001 761 4065 confidentiam
788 4022 892 4066 meam
915 4003 1165 4086 reprehensuros
1188 4024 1278 4079 esse,
1298 4004 1351 4084 qui
1375 4004 1450 4065 milri
1476 4005 1509 4066 id

400 4100 487 4181 qnod
508 4101 570 4183 ipsi
591 4103 699 4168 ridere
722 4105 823 4169 velint
849 4104 935 4168 credi
957 4105 1135 4188 postulem:
1153 4106 1209 4168 sed
1232 4106 1263 4168 hi
1287 4113 1378 4169 erunt
1399 4104 1465 4169 fere
1487 4106 1509 4167 ii

400 4202 455 4283 qni
478 4210 532 4266 aut
555 4224 589 4269 se
605 4206 730 4289 Heynio
754 4213 785 4268 et
799 4205 946 4290 Philippo
964 4206 1122 4286 Wagnero
1146 4205 1185 4269 de
1209 4207 1353 4272 Medieeo
1376 4208 1509 4288 Vergilii

399 4304 509 4371 codice
537 4307 622 4373 idem
645 4310 839 4388 concedere,
856 4308 1008 4391 qnoniam
1030 4307 1077 4369 illi
1105 4326 1140 4371 se
1163 4309 1261 4371 multa
1283 4309 1421 4373 tacuisse
1445 4330 1509 4372 non

399 4410 566 4489 dixerunt,
581 4411 741 4488 nesciant,
759 4416 813 4475 aut
833 4411 867 4475 in
883 4411 1021 4474 alienam
1038 4410 1256 4491 diligentiam,
1273 4417 1307 4473 ut
1323 4409 1444 4489 ingenii
1460 4410 1508 4473 sui

399 4513 624 4595 praestantiam
648 4519 824 4591 ostentent,
841 4514 969 4596 cupiant
989 4512 1152 4576 involare.
1170 4512 1284 4593 quibus
1315 4531 1376 4591 ego
1399 4522 1510 4575 auctor

400 4636 470 4680 sum
491 4620 526 4678 nt
548 4621 621 4693 ant,
638 4615 665 4679 si
687 4616 831 4699 possint,
848 4614 945 4691 mihi,
961 4614 1081 4678 homini
1097 4615 1225 4696 quidem
1247 4632 1351 4693 neque
1367 4632 1509 4677 errorum

400 4715 541 4799 experti,
557 4736 623 4781 non
648 4723 755 4782 tamen
776 4718 870 4782 nimis
892 4717 1053 4782 incurioso
1081 4723 1137 4780 aut
1156 4715 1361 4798 neglegenti,
1380 4717 1511 4780 credaut
