3509 5442
863 531 893 595 II
1371 539 1433 604 105

843 608 858 642 Χ

314 701 418 785 paulo
440 707 515 767 ante
530 707 595 771 479
610 707 742 784 uterque
765 702 880 767 ducat.
896 702 956 767 sed
976 702 1127 768 credibile
1149 725 1213 768 non
1236 710 1284 769 est
1305 711 1430 788 poetam

316 810 383 868 tam
408 824 508 886 parvo
523 805 690 870 intervallo
713 802 843 869 eosdem
865 824 977 869 versus
998 805 1113 869 iterum
1135 826 1255 889 ponere
1271 807 1431 872 voluisse.

315 911 488 989 praeterea
510 906 597 988 quod
622 905 674 970 hie
697 905 790 969 docet
812 906 955 971 eiusdem
977 906 1101 972 formae
1117 907 1290 991 primordia
1310 908 1433 972 infinita

316 1026 453 1071 numero
477 1026 548 1072 esse
561 1057 569 1086 ,
584 1006 669 1070 idem
691 1007 788 1112 paulo
812 1013 885 1090 post
905 1008 1019 1073 iterum
1042 1008 1225 1087 exorditur,
1241 1013 1305 1078 529
1328 1011 1431 1074 Proti-

317 1134 379 1172 nus
395 1109 579 1191 ostendum,-
594 1108 635 1172 de
657 1128 720 1189 quo
736 1109 851 1191 nequis
867 1110 1012 1174 dubitare
1027 1111 1148 1194 possit,
1165 1130 1200 1175 re
1216 1111 1433 1175 demonstrata

317 1209 437 1274 subicit
451 1214 515 1278 567
530 1212 611 1276 Esse
625 1211 725 1295 icitur
737 1235 850 1294 pertore
866 1214 901 1275 ιἰι
917 1215 1026 1297 quovis
1034 1212 1221 1298 primordia
1236 1237 1342 1277 rerum
1356 1213 1432 1298 Iast-

317 1313 388 1375 aitu
394 1313 514 1397 palam
528 1325 591 1376 eat.
607 1309 715 1392 itaque
730 1316 885 1394 apparet,
903 1313 930 1377 si
945 1310 1079 1376 formam
1095 1318 1126 1377 et
1139 1313 1267 1378 vincula
1282 1312 1433 1377 orationis

318 1411 556 1495 respiciamus,
577 1418 632 1477 aut
656 1411 717 1477 hos
739 1418 859 1495 septem
890 1432 1001 1477 versus
1022 1434 1190 1497 superesse
1213 1420 1268 1479 aut
1293 1421 1357 1478 tres
1378 1414 1433 1495 qui

318 1513 379 1578 hos
404 1519 574 1578 secuntur.
595 1520 628 1579 at
649 1514 682 1578 hi
704 1520 825 1597 septem
850 1533 962 1579 versus
985 1534 1102 1578 novum
1130 1523 1160 1580 et
1182 1516 1365 1599 primarium
1387 1516 1433 1581 rei

318 1621 544 1696 argumentum
571 1615 754 1680 continent:
777 1615 831 1697 qui
858 1615 918 1680 hos
941 1621 1116 1694 secuntur,
1138 1638 1157 1681 a
1180 1617 1376 1700 Gassendo,
1399 1623 1434 1681 ut

320 1717 496 1783 Creechins
511 1717 711 1795 observavit,
727 1716 964 1800 praetermissi,
980 1716 1083 1798 ipsam
1098 1737 1167 1783 rem
1190 1740 1255 1784 non
1270 1719 1347 1784 satis
1361 1739 1433 1802 per-

319 1819 432 1901 spicue
454 1818 633 1902 expositam
654 1818 823 1897 exhibent,
839 1818 873 1882 in
895 1838 959 1900 qua
978 1843 1127 1903 porterum
1149 1822 1346 1906 simpulorum
1369 1821 1433 1902 sig·

319 1919 461 1986 nificatio
483 1918 651 2004 praeteriri
672 1940 738 1984 non
759 1919 887 1984 debuit.
905 1920 1026 1985 seilicet
1047 1914 1129 1986 καθ’
1148 1915 1287 2007 ἑκάστην
1307 1917 1432 2005 σχημά-

320 2045 409 2088 τισιν
433 2014 713 2106 dulcedineque*
739 2017 824 2087 εἰσιν
846 2014 969 2103 ἄτομοι
982 2072 990 2103 ,
1011 2025 1084 2100 ταῖς
1107 2023 1144 2089 δὲ
1167 2024 1351 2110 διαφοραῖς
1374 2019 1433 2105 οὐχ

322 2120 441 2202 ἁπλῶς
471 2117 629 2209 dissipor,
647 2118 733 2190 ἀλλὰ
755 2119 859 2207 μόνον
882 2119 1126 2210 ἆπερίληπιοιε
1151 2125 1197 2190 sio
1219 2126 1375 2209 Epicurus
1399 2127 1434 2191 in
1509 2125 1513 2131 ’

320 2226 480 2308 Diogenis
494 2226 576 2291 libro
591 2249 622 2306 x,
634 2230 676 2293 42
691 2275 698 2289 .
715 2225 813 2289 nihilo
833 2226 939 2290 minus
961 2246 1097 2309 eaquae
1119 2248 1154 2310 re
1169 2228 1319 2311 probiora
1340 2235 1432 2306 sunt,

321 2334 354 2392 ut
369 2326 460 2407 dixi,
476 2348 626 2410 magnam
640 2329 759 2393 habent
774 2328 815 2392 ab
831 2329 974 2392 oratione
988 2329 1093 2394 minus
1108 2336 1182 2413 apte
1197 2350 1319 2394 conexa
1335 2331 1433 2395 offen-

321 2430 466 2496 sionem.
482 2429 591 2512 itaque
605 2429 808 2514 perspicuum
828 2430 869 2495 sit
883 2432 1064 2496 Lucretium
1079 2432 1215 2515 primum
1238 2432 1366 2514 quidem
1389 2434 1433 2498 is-

319 2537 370 2597 tos
391 2537 461 2598 tres
483 2551 594 2598 versus
616 2532 720 2597 minus
743 2531 868 2597 curiose
889 2540 1059 2616 conceptos
1073 2533 1221 2615 posuisse
1233 2557 1241 2613 ;
1259 2554 1339 2616 quos
1362 2554 1432 2599 oum

320 2640 436 2718 postea
458 2631 663 2713 emendaret,
683 2633 735 2697 hio
764 2640 799 2697 ut
821 2634 898 2699 alibi
919 2634 1036 2698 factum
1068 2653 1139 2697 esse
1165 2639 1200 2697 ut
1221 2633 1262 2698 ad
1284 2635 1364 2699 illud
1385 2636 1433 2700 in-

322 2721 547 2813 commodum,
572 2735 658 2817 quod
680 2755 698 2800 e
719 2734 866 2800 versibus
888 2756 954 2800 non
976 2735 1139 2817 eleganter
1164 2737 1306 2818 repetitis
1329 2757 1433 2802 orere·

321 2844 392 2919 tur,
408 2858 476 2902 non
499 2836 576 2902 satis
599 2835 794 2902 attenderet.

409 2945 485 3010 529.
508 2940 695 3004 Vnnsrnus
712 2960 927 3003 osrnunnnr.
944 2939 1014 3003 Hoc
1028 2938 1105 3021 quia
1125 2938 1200 3003 ferri
1222 2960 1286 3003 non
1307 2946 1432 3024 potest,
1481 3018 1488 3033 δ

322 3049 397 3130 apte
419 3041 575 3107 faciemus
590 3042 797 3105 Pnormus.
815 3060 1007 3123 quamquam
1030 3039 1058 3104 si
1080 3039 1129 3103 cui
1144 3060 1255 3105 versus
1276 3061 1359 3105 unus
1382 3043 1433 3106 vel

323 3147 433 3231 plures
455 3142 612 3208 excidisse
630 3142 816 3222 videantur,
832 3163 873 3207 ne
894 3142 956 3208 hoo
977 3141 1105 3224 quidem
1127 3141 1357 3225 improbabile.
1372 3141 1434 3207 hoo

323 3252 448 3313 tantum
460 3264 572 3310 cavere
583 3244 689 3324 volui,
705 3245 819 3327 nequis
834 3244 995 3309 inficetum
1006 3244 1133 3308 Marulli
1144 3249 1355 3309 commentum
1364 3244 1434 3309 lau-

324 3350 442 3428 daret,
464 3365 527 3428 quo
550 3345 676 3428 scripsit
698 3347 790 3426 Quod
810 3349 960 3433 quoniam
983 3347 1079 3412 docui
1086 3397 1095 3429 ,
1114 3373 1197 3412 ιιιιιιο
1218 3348 1414 3432 suaviloquia
1425 3397 1433 3429 ,

324 3478 383 3539 ape
397 3500 407 3533 ‚
417 3450 537 3536 paucis
565 3450 712 3514 Versibus
733 3449 913 3513 ostendam.
931 3447 1086 3512 editorum
1108 3448 1219 3513 fraude
1241 3468 1280 3513 ac
1303 3448 1435 3514 stultitia

324 3551 432 3620 evenit
453 3556 488 3615 ut
501 3548 719 3633 lexicographi
741 3548 823 3615 scire
845 3570 910 3614 non
925 3549 1084 3633 potuerint
1106 3570 1140 3615 se
1155 3551 1284 3615 Marulli
1297 3553 1434 3616 vocabu-

323 3657 412 3735 lum,
427 3673 494 3718 non
515 3651 757 3730 Lucretianum,
773 3651 807 3715 in
829 3652 974 3716 ordinem
995 3651 1137 3734 recipere
1161 3654 1400 3738 suaviloquens.

413 3760 486 3826 531.
510 3754 685 3824 Unuroun
706 3776 894 3818 rnoruno.
912 3754 982 3818 Hoc
1002 3774 1096 3818 versu
1118 3754 1264 3818 Donatus
1285 3772 1363 3817 usus
1386 3758 1434 3817 est

325 3859 367 3925 ad
389 3855 615 3924 Phormionem
636 3855 777 3920 Terentii
790 3879 812 3935 1,
823 3861 854 3935 4,
867 3861 908 3924 36
922 3904 929 3918 .

413 3962 487 4027 533.
503 3959 785 4029 Fncuunsmoun
797 3981 909 4022 unsre
920 3979 1111 4021 urrunnu.
1124 3955 1431 4036 Lambinusnrrvus.

414 4066 487 4129 535.
510 4061 640 4124 Mnnrs
673 4081 779 4124 nrcnr
812 4081 956 4125 sensns
989 4082 1076 4122 asse
1109 4082 1145 4123 ru
1178 4081 1251 4122 no.
1278 4048 1433 4126 Marullus

326 4183 471 4230 snunnn
484 4212 492 4241 ,
507 4160 615 4226 neseio
638 4180 679 4225 an
700 4161 842 4244 primus.
860 4168 943 4227 oerte
959 4162 1135 4242 Forbiger,
1151 4162 1206 4244 qui
1226 4160 1288 4226 hoc
1309 4163 1432 4228 ‘omnes

327 4268 414 4333 editt.
437 4262 524 4330 vett'
537 4263 665 4328 ¹habere
687 4264 814 4348 scribit,
829 4264 936 4330 verbis
957 4269 1069 4348 peceat
1078 4314 1087 4346 ,
1104 4262 1266 4330 Gerendus
1282 4265 1432 4330 tacendo:

325 4391 401 4435 nam
429 4368 469 4432 in¹
485 4367 610 4431 Veneta
639 4370 687 4430 est
705 4392 846 4454 aperiero,
867 4386 971 4448 neque
993 4365 1086 4429 aliter
1107 4367 1261 4431 Aventius
1284 4372 1315 4430 et
1336 4367 1413 4432 Pius
1423 4417 1432 4449 ,

324 4472 476 4552 idemque
517 4468 697 4534 Veronensi
739 4469 924 4534 adscribunt
966 4469 1204 4552 Havereampus
1248 4475 1280 4534 et
1318 4469 1434 4534 Wake-

325 4572 462 4640 fieldns.

413 4677 487 4746 536.
510 4672 572 4740 Src
594 4695 658 4739 uxr
672 4695 942 4748 ousoarrnnun
958 4723 965 4739 .
982 4674 1035 4742 sa
1058 4688 1092 4740 at
1114 4673 1268 4740 scribatur
1289 4690 1332 4736 an
1352 4671 1433 4735 sieut
