3509 5442
394 572 437 636 46
940 566 955 627 Ι

480 746 552 808 646.
576 740 629 802 Ex
656 759 727 800 uno
756 760 788 799 ει
815 758 905 799 suun
932 758 1012 798 rour
1038 758 1212 805 ruaoous
1240 756 1431 797 cassian.
1454 736 1509 798 Ea

395 869 466 908 vero
491 845 650 906 corrector
678 838 828 920 oblongi,
844 838 936 916 itali,
957 838 1032 901 olim
1055 838 1200 921 impressi
1219 889 1226 914 ‚
1247 837 1421 900 Marullus
1439 856 1508 901 reo-

396 945 458 1008 tius
473 947 527 1008 Eu
549 965 620 1006 uno
637 946 797 1006 eorreotor
812 939 979 1021 quadrati,
994 941 1182 1016 Turnebus,
1198 939 1392 1003 Lambinus.
1410 959 1508 1021 supra

295 1058 301 1067 '
396 1052 458 1115 636
483 1061 575 1131 atque
598 1071 637 1111 ex
663 1048 735 1129 {qni
754 1068 908 1107 summam
924 1045 1091 1107 consistere
1113 1044 1199 1106 solo.

481 1152 553 1215 649.
576 1168 769 1208 nanneni.
788 1146 918 1208 'Habere
946 1143 1120 1224 quadratus
1151 1148 1182 1207 ot
1208 1143 1369 1208 sobedae.
1391 1165 1507 1204 unnu-

395 1271 490 1311 nunr
513 1248 584 1312 Itali
608 1247 828 1330 et'impressi.

481 1355 553 1418 651.
578 1352 794 1413 Lnnomroa
817 1371 941 1412 roano
958 1371 1220 1419 nrsruerrsouu
1239 1371 1411 1412 suram.
1429 1351 1507 1415 Cor-

399 1457 503 1516 reotor
518 1452 649 1533 oblongi
665 1453 804 1517 dabr'eetr's
818 1474 943 1536 arsque
959 1456 1081 1537 surpatio
1094 1501 1100 1514 .
1118 1453 1289 1536 leopoldus
1306 1458 1336 1515 et
1351 1453 1507 1538 lonpur'da

396 1544 510 1620 ceteris
532 1554 611 1618 loeis
633 1555 855 1636 membranae,
873 1574 893 1617 a
916 1573 978 1650 quo
1000 1552 1034 1616 in
1054 1552 1115 1617 hoe
1137 1574 1199 1616 uno
1217 1574 1312 1634 quam
1334 1559 1418 1618 reete
1442 1554 1508 1618 dir-

396 1661 525 1739 crepent
549 1656 683 1736 ignoro.
704 1658 816 1742 lantper
844 1655 972 1738 quidem
1000 1675 1097 1737 saepe
1125 1654 1276 1737 seriptum
1303 1654 1388 1735 legi,
1409 1656 1506 1736 idque

395 1758 492 1823 habet
513 1759 546 1821 in
561 1781 618 1838 111,
640 1763 698 1826 172
715 1758 909 1840 quadratus,
926 1757 980 1820 ubi
1002 1756 1035 1820 in
1051 1757 1190 1838 oblongo
1215 1763 1264 1820 θεῖ
1280 1759 1432 1842 laupnor.
1451 1759 1506 1822 ob-

394 1861 510 1942 longus
531 1860 565 1924 in
581 1883 633 1937 v1,
656 1865 737 1928 1167
756 1861 938 1948 Lanpebar.
956 1879 973 1923 e
988 1858 1141 1942 proximis
1162 1879 1258 1924 versu
1274 1864 1336 1927 663
1362 1879 1440 1924 usus
1459 1866 1506 1924 est

395 1963 520 2027 Nonius
542 1984 572 2046 p.
593 1969 663 2041 184,
684 1969 741 2032 lo.

481 2070 553 2133 ssfib
578 2065 1504 2135 SEDQUIAMULTASIBICERNUMTCONTRARIAMUSE.

395 2166 448 2230 Sic
474 2166 577 2249 prima
603 2186 699 2229 manu
726 2167 907 2247 oblongus:
930 2165 1000 2230 eius
1028 2173 1185 2231 oorreetor
1211 2167 1433 2250 sentinosae,
1455 2167 1504 2231 eui

396 2267 618 2350 superscripsit
633 2293 697 2354 pro
713 2272 818 2353 poetis
830 2318 838 2349 ,
854 2267 962 2348 itaque
985 2268 1158 2333 Brixiensis
1182 2269 1277 2333 editio
1299 2293 1424 2349 musae,
1442 2288 1504 2348 quo

396 2369 523 2433 nomine
550 2369 703 2434 Heracliti
730 2369 845 2433 librum
872 2390 893 2432 a
921 2369 1110 2451 quibusdam
1139 2376 1281 2434 veterum
1309 2369 1505 2452 appellatum

397 2490 469 2535 esse
493 2471 600 2536 nullus
615 2472 819 2554 interpretum
841 2471 1025 2536 reeordatus
1048 2479 1115 2551 est,
1132 2471 1218 2554 quod
1240 2472 1356 2535 miror.
1372 2472 1405 2536 in
1429 2493 1506 2553 qua·

396 2572 486 2636 drato
516 2578 546 2637 θῖ
573 2572 607 2637 in
630 2573 755 2638 schedis
778 2578 826 2637 θεῖ
853 2599 906 2637 mo
935 2579 1076 2637 tantum.
1096 2574 1253 2638 Antonius
1279 2573 1371 2637 Marii
1393 2573 1504 2658 (puto,

396 2693 413 2739 e
441 2695 535 2739 versu
558 2677 639 2760 666)
670 2667 833 2757 mussant,
856 2674 1054 2740 Veronensis
1080 2674 1176 2740 editio
1207 2681 1330 2755 inesse,
1351 2675 1506 2740 Marullus

394 2778 508 2860 mutn’5
530 2798 569 2842 ex
599 2777 714 2858 quibus
741 2797 817 2841 vero
840 2775 1020 2859 proximum
1052 2782 1101 2842 est
1122 2782 1241 2860 inesse,
1263 2775 1321 2842 sed
1335 2775 1505 2868 ineptum.

396 2877 599 2944 scribendum
622 2883 670 2943 est
692 2878 775 2942 enim
798 2879 863 2945 Sed
884 2881 961 2964 quio
983 2881 1082 2944 multo
1109 2883 1173 2945 sibi
1192 2893 1323 2944 cernuat
1345 2883 1507 2944 contraria

392 3001 556 3043 nonssn.
578 2979 682 3045 littera
710 2982 854 3046 Romana
880 3003 927 3042 sn
954 3000 1019 3044 non
1047 2981 1179 3045 multum
1206 2980 1311 3045 differt
1338 2981 1378 3043 ab
1400 3003 1423 3041 u
1442 3006 1448 3044 :
1470 2985 1506 3046 ob

396 3081 498 3147 simile
521 3089 569 3148 est
592 3083 711 3147 unciali
732 3103 780 3147 cn.

480 3190 553 3254 659.
587 3207 778 3249 nurrsuur
809 3207 878 3248 vua
910 3207 1035 3252 suna.
1065 3185 1233 3250 Correotor
1266 3186 1396 3268 oblongi
1431 3213 1507 3252 vero

397 3307 499 3350 vini.

480 3393 552 3456 660.
576 3410 753 3452 nxnurro
776 3412 892 3453 nunus
916 3412 1027 3453 runnu
1046 3438 1053 3452 .
1075 3390 1185 3472 Inepte
1207 3390 1278 3454 Itali
1300 3395 1331 3455 et
1352 3390 1426 3454 olim
1448 3391 1508 3454 im-

395 3489 497 3572 pressi
520 3504 719 3577 eaeemprum:
736 3491 891 3556 Marullus
915 3497 1001 3556 reete
1024 3496 1199 3569 runn1,ut
1221 3498 1269 3557 est
1289 3512 1385 3557 versu
1403 3498 1484 3560 742.

479 3596 552 3662 662.
577 3612 672 3664 ouon
688 3615 817 3656 rossrr
833 3617 997 3659 urrunnu
1019 3597 1326 3681 anrr1S.Raptum
1351 3595 1425 3660 olim
1448 3598 1507 3660 irn-

394 3695 518 3779 pressi:
534 3718 675 3759 aanrru
696 3697 871 3763 Avantius.

480 3805 552 3867 666.
576 3799 685 3876 Quor>
702 3822 866 3864 suronru
881 3824 946 3864 urs
962 3823 1134 3864 eauounr
1156 3820 1321 3862 nnnroun
1343 3822 1506 3864 rornssu

394 3900 495 3963 Ianus
526 3924 562 3963 ιε
596 3925 736 3966 cousus
767 3926 917 3966 su1nou1
947 3924 1173 3972 uusnnsoun
1207 3903 1428 3966 cospusln
1457 3904 1508 3968 his

394 4002 599 4085 perspicuum
622 4012 670 4070 est
693 4025 799 4071 errore
814 4006 931 4070 factum
946 4025 1017 4070 esse
1040 4028 1106 4068 uin
1130 4004 1216 4085 quod
1240 4010 1307 4068 erat
1321 4027 1409 4067 nura
1423 4056 1429 4069 .
1445 4007 1508 4071 boe

393 4104 464 4167 Itali
493 4124 564 4168 oum
591 4127 655 4171 non
687 4107 868 4183 vidissent,
890 4106 1034 4171 fecerunt
1059 4133 1123 4170 una
1158 4113 1190 4171 θῖ
1217 4127 1256 4171 ex
1288 4127 1326 4170 eo
1353 4108 1508 4173 Marullus

394 4208 482 4288 ulla,
500 4226 593 4288 quem
617 4228 727 4272 omnes
749 4207 852 4273 secuti
874 4213 967 4272 sunt.
984 4207 1067 4272 idern
1083 4209 1239 4274 Marullus
1256 4231 1507 4280 uursauous:

395 4310 429 4370 in
454 4329 573 4371 couuu
604 4312 728 4394 srrbpor'
751 4310 872 4392 primus
902 4310 1071 4374 Turnebus
1098 4308 1353 4375 adversariorum
1376 4334 1444 4390 vn,
1469 4316 1504 4377 11

395 4412 426 4473 θῖ
448 4409 642 4474 Lambinus.

480 4517 551 4580 668.
576 4535 770 4578 susurrus
801 4533 926 4577 Annon
953 4511 1097 4591 Ouum,
1121 4537 1164 4576 nr
1191 4536 1346 4576 urruno.
1375 4514 1508 4581 Correo-

393 4617 443 4676 tor
476 4613 622 4694 quadrati
655 4637 865 4679 nataturus.
891 4613 947 4678 sed
982 4635 1105 4679 annon
1137 4620 1210 4680 ante
1238 4635 1310 4679 eum
1344 4623 1375 4680 θῖ
1408 4618 1507 4682 Italos

394 4722 553 4780 corrector
577 4717 729 4799 oblongi,
749 4719 783 4782 in
806 4737 869 4800 quo
892 4717 1000 4798 prima
1021 4737 1117 4781 manu
1148 4724 1197 4782 est
1218 4743 1306 4783 amor
1322 4768 1328 4782 .
1346 4725 1507 4801 postremo
