3509 5442
327 551 390 617 aas
497 536 499 540 ’
864 548 906 640 ν,

329 718 418 784 euius
440 715 526 782 modi
548 712 757 807 ἓπιφώνησις
778 718 853 800 quia
875 718 1048 782 orationem
1071 718 1272 801 interrumpit
1293 719 1421 805 (namin

327 820 479 904 proximis
505 819 548 883 ad
570 823 643 885 Noa
665 846 756 885 rcere
784 839 823 884 ex
846 819 951 902 priore
978 820 1090 884 horum
1118 839 1272 885 versuum
1294 822 1421 887 videmus

327 921 533 1005 repetendum
556 922 638 1007 est),
661 922 887 987 aLucretiana
909 921 1037 988 dicendi
1059 927 1127 987 arte
1149 921 1321 989 abhorret.
1344 944 1421 1007 prae

326 1028 415 1088 terea
442 1048 571 1109 eamque
600 1023 661 1088 nisi
689 1044 760 1088 curn
787 1022 928 1088 relativis
958 1024 1159 1089 coniunctum
1186 1023 1300 1106 lingua
1321 1025 1421 1089 Latina

327 1145 391 1188 non
415 1124 581 1206 agnoscit:
608 1143 712 1206 neque
735 1125 886 1189 Horatius
911 1124 944 1187 in
967 1126 1140 1190 carminum
1157 1149 1178 1206 1,
1191 1131 1234 1194 32
1257 1127 1359 1209 potuit
1383 1127 1419 1190 di-

328 1247 398 1291 cere
419 1229 501 1292 mili
512 1252 642 1314 compare
663 1228 748 1293 salve
764 1226 890 1311 (volunt
904 1226 987 1292 enim
1009 1228 1070 1292 boc
1084 1248 1155 1294 esse
1170 1229 1273 1295 ‘salve
1288 1229 1419 1311 quotiens

327 1333 358 1393 te
380 1327 533 1392 advoco’:
557 1334 589 1391 at
611 1348 666 1392 cur
687 1329 760 1413 lyra
781 1329 861 1395 alias
888 1329 918 1393 ei
938 1349 1003 1393 non
1026 1330 1209 1417 salmati),
1227 1331 1287 1396 sed
1310 1329 1420 1415 scripsit

328 1455 345 1495 o
357 1431 498 1494 laborum
510 1430 611 1494 Dulce
624 1431 756 1496 lenimen
767 1433 982 1517 medaeamque
992 1433 1078 1498 salec
1089 1434 1162 1498 Rite
1173 1425 1302 1499 coecati
1305 1483 1313 1497 .
1325 1433 1359 1497 in
1368 1434 1420 1496 Lu·

329 1531 416 1596 cretii
431 1554 465 1610 11,
479 1534 537 1597 721
556 1551 619 1595 non
638 1532 813 1597 tolerarunt
827 1533 911 1596 docti
933 1536 979 1597 ita
994 1559 1124 1620 eamque
1138 1551 1311 1601 necessest.
1326 1535 1421 1616 itaquo

328 1634 355 1698 si
377 1633 460 1697 viam
484 1653 504 1697 a
519 1631 647 1697 Gifanio
663 1641 889 1713 monstratam,
904 1640 939 1698 ut
961 1642 1071 1701 cautos
1086 1637 1196 1715 decet,
1213 1636 1421 1718 declinamus,

328 1735 410 1801 duae
432 1740 553 1800 restant
579 1736 721 1801 rationes
748 1737 863 1819 quibus
890 1737 923 1801 hi
944 1758 1076 1817 versus,
1095 1745 1169 1803 ante
1198 1759 1295 1820 quarn
1324 1758 1421 1803 eomn

327 1839 407 1902 alter
427 1843 490 1902 tam
520 1838 654 1921 turpiter
679 1846 950 1923 corrumperetur,
971 1840 1054 1906 inter
1079 1860 1114 1906 se
1141 1841 1303 1906 coniuncti
1333 1840 1422 1906 fuisse

325 1940 503 2024 potuerint:
525 1961 597 2005 narn
621 1946 676 2005 aut
697 1941 738 2004 ad
762 1941 890 2027 dilapsa
904 1942 1045 2007 videmus
1059 1941 1203 2009 adiectus
1223 1942 1287 2007 fuit
1306 1943 1423 2007 infiniti-

325 2064 405 2129 vus,
422 2043 526 2125 qualis
541 2048 589 2108 est
604 2043 734 2126 cadere,
751 2049 805 2107 aut
825 2044 866 2107 ad
881 2047 1069 2111 montiae-ota
1083 2048 1193 2127 virum,
1202 2045 1329 2129 aliquid
1342 2047 1423 2113 addi·

326 2153 412 2231 tum,
430 2145 516 2228 quod
531 2166 550 2209 a
566 2148 652 2225 Quae
674 2145 861 2228 pronomine
875 2145 909 2209 in
931 2145 1035 2229 capite
1050 2167 1162 2213 versus
1175 2148 1283 2231 posito
1299 2169 1422 2233 suspen·

326 2270 394 2314 sum
410 2246 510 2312 fuisse
531 2247 696 2330 probabile
712 2253 777 2311 est.
795 2252 827 2310 at
848 2246 959 2311 harum
975 2255 1088 2314 neutra
1101 2250 1224 2315 ration'e
1240 2252 1377 2335 probata
1390 2271 1422 2315 er

324 2351 362 2415 iis
390 2348 554 2413 vocabulis
587 2369 669 2433 quae
701 2348 882 2432 incorrupta
915 2357 1035 2415 restant
1066 2352 1241 2417 sententiae
1275 2373 1421 2418 summam

326 2453 442 2517 elicere
465 2470 654 2533 possumus,
678 2451 826 2534 quoniam
842 2477 1022 2539 proporro,
1044 2454 1130 2536 quod
1153 2460 1201 2519 est
1222 2455 1308 2519 ultra
1332 2456 1421 2542 (Han-

325 2554 396 2619 dius
412 2552 494 2618 enim
515 2552 548 2617 in
563 2553 734 2619 Tursellini
756 2559 841 2618 tomo
857 2577 891 2617 rv
905 2574 935 2637 p.
949 2561 1011 2624 608
1034 2555 1112 2621 mire
1126 2555 1284 2644 fallitur),
1301 2563 1334 2623 et
1347 2564 1420 2623 retro

325 2660 468 2740 spectare
489 2661 593 2738 potest
620 2655 718 2720 etad
745 2656 968 2735 succedentia,
995 2683 1151 2723 senescere
1177 2664 1284 2724 autem
1311 2662 1420 2746 pariter

323 2777 527 2844 progressum
556 2757 669 2821 aetatis
696 2756 836 2823 indicare
867 2764 973 2841 potest
1002 2763 1033 2822 et
1059 2756 1320 2827 decrementum.
1347 2784 1419 2847 quae

324 2885 393 2930 cum
417 2862 461 2925 ita
483 2859 565 2936 sint,
581 2858 632 2923 bic
655 2879 706 2923 ars
730 2865 761 2924 et
781 2858 1006 2924 demonstratio
1025 2860 1130 2925 locum
1152 2883 1216 2927 non
1237 2864 1356 2946 habet,
1372 2865 1420 2932 sed

323 2962 495 3030 divinatio.
512 2980 587 3042 ergo
599 2961 772 3039 Marullus,
788 2981 858 3026 cum
873 2961 1061 3027 infinitivum
1082 2972 1271 3046 quaereret,
1286 2966 1322 3032 id
1342 2968 1420 3035 inve

322 3067 369 3133 nit
390 3064 476 3148 quod
498 3063 582 3128 serio
602 3060 733 3128 laudare
755 3083 848 3127 nemo
872 3069 994 3148 potest,
1011 3064 1140 3152 dilapso
1154 3067 1297 3134 videmus
1314 3071 1420 3136 Cedere

319 3193 474 3258 proporro
498 3167 657 3250 subitoque
672 3190 828 3230 senescere
850 3191 947 3230 casa.
964 3167 1163 3232 Abrahamus
1178 3173 1286 3233 autem
1300 3171 1420 3253 Preige·

321 3293 396 3350 rus,
420 3265 632 3348 Havereampi
662 3265 802 3350 amicus,
828 3267 879 3333 cui
903 3266 943 3332 de
970 3269 1156 3350 pronomine
1176 3270 1311 3336 relativo
1334 3274 1419 3338 subo

321 3372 452 3451 luisset,
468 3370 547 3433 haee
557 3365 757 3449 ineptissima
769 3368 880 3432 effudit
892 3418 900 3448 ,
916 3370 1044 3456 dilapsa
1055 3371 1197 3436 videmus
1207 3422 1216 3455 ,
1233 3375 1323 3452 Quae
1337 3399 1419 3441 rcere

317 3497 474 3559 proporro
496 3472 544 3535 ibi
556 3493 672 3554 eoaque
687 3493 844 3536 senescere
858 3470 989 3536 credas.
1005 3470 1101 3555 mihi,
1117 3476 1152 3536 ut
1172 3473 1253 3537 nihil
1266 3475 1419 3541 adfirmari

320 3592 417 3658 posse
441 3570 602 3649 concedo,
624 3570 668 3634 ita
690 3570 885 3653 aptissimum
914 3573 960 3638 rei
981 3573 1106 3638 videtur
1128 3577 1216 3654 Quae
1237 3599 1334 3641 roan
1350 3604 1419 3666 pro-

315 3702 414 3764 porro
436 3696 676 3745 vsrrrunoun
699 3699 856 3739 senescere
878 3677 989 3741 credas
1002 3725 1009 3740 .
1024 3695 1151 3741 versum
1167 3678 1348 3760 proximum
1363 3682 1419 3746 No·

321 3779 393 3844 nius
415 3778 542 3843 exhibet
556 3798 586 3861 p.
600 3781 672 3860 225,
685 3781 746 3844 20.

405 3886 477 3949 318.
495 3902 594 3952 ouon
611 3901 707 3942 onus
720 3878 1275 3947 Gourrunraurnsxurrrrram.
1292 3907 1419 3949 srruo·

321 4004 438 4045 cesar
466 4003 512 4043 ux
536 4004 574 4044 ss
603 3979 743 4045 Ouum.
766 3980 921 4044 Marullus
950 3983 1035 4066 quod
1063 4004 1207 4046 ouran.
1228 3986 1278 4066 si,
1301 3985 1418 4066 quode

318 4080 409 4145 libris
430 4083 548 4148 Italicis
570 4081 705 4159 excidit,
726 4081 766 4145 de
794 4081 975 4146 coniectura
996 4082 1203 4162 addideram,
1230 4104 1302 4150 cum
1326 4084 1360 4151 id
1379 4086 1418 4170 ip

321 4202 390 4247 sum
419 4184 453 4247 in
479 4190 613 4266 utroque
639 4183 796 4249 Vossiano
823 4182 980 4271 scriptum
1008 4184 1093 4264 vidi;
1120 4183 1207 4267 quod
1235 4186 1418 4252 Havercam·

319 4304 400 4366 pus,
423 4285 529 4366 gentis
557 4287 697 4349 Batavae
719 4284 880 4369 dedecus,
899 4285 977 4349 tanti
998 4307 1063 4351 non
1085 4286 1175 4351 duxit
1201 4291 1235 4350 ut
1257 4288 1418 4354 dicendum

319 4385 533 4451 existimaret.
549 4386 704 4450 Marullus
726 4406 790 4450 non
811 4386 894 4450 bene
909 4387 995 4473 qued
1000 4402 1170 4474 procreat,
1186 4389 1348 4455 Antonius
1362 4391 1418 4455 Ma

320 4486 360 4550 rii
386 4487 454 4552 sine
483 4508 581 4553 sensu
609 4514 673 4574 qua
702 4502 840 4552 terram:
860 4489 998 4572 pessime
1025 4489 1263 4575 Wakefieldus,
1283 4491 1419 4557 Eichsta

318 4589 371 4653 dio
394 4593 425 4654 et
446 4590 622 4672 Forbigero
645 4587 890 4673 plaudentibus,
911 4617 998 4657 emere
1021 4594 1202 4676 scararum,
1226 4611 1300 4656 cum
1321 4599 1419 4658 tamen

319 4691 437 4757 seirent
457 4692 586 4759 Pacuvii
608 4691 689 4757 haee
710 4710 802 4771 esse,
818 4694 889 4758 Hoc
911 4693 983 4759 vide
992 4743 1002 4777 ,
1018 4696 1135 4760 circam
1158 4719 1322 4781 supraque
1344 4691 1420 4782 qued
