3509 5442
842 559 885 622 Vl
1354 565 1418 630 399

300 740 392 804 qnae
416 731 467 788 est
485 747 602 809 porro,
625 725 789 791 interiecta
815 727 941 792 nansiri
967 726 1090 809 potuit.
1113 727 1190 810 quid
1212 728 1299 811 quod
1320 737 1419 797 testes

301 845 372 889 non
389 825 527 911 desunt,
543 827 597 909 qui
613 827 705 892 uobis
720 847 828 892 eorum
853 848 936 910 qnae
958 829 1009 894 hie
1031 830 1194 895 amisimus
1216 837 1339 914 partem
1358 840 1418 898 ret-

300 927 458 992 tulerint.
476 929 552 1010 quid
567 930 650 994 enim
666 929 740 994 huie
758 930 828 994 loeo
850 930 955 1014 aptius
976 951 1049 997 esse
1072 931 1174 1016 potuit
1195 952 1288 1015 qnam
1312 935 1418 1017 splen-

304 1027 388 1093 dida
415 1030 472 1096 illa
497 1031 675 1112 argumenti
702 1030 797 1095 nimis
824 1031 921 1113 ampli
950 1033 1130 1111 recusatio,
1154 1054 1217 1116 qua
1238 1034 1416 1101 Lucretium

303 1129 429 1196 alicubi
452 1152 545 1197 nsum
567 1153 640 1198 csse
655 1133 784 1198 Servius
799 1137 908 1196 auctor
922 1133 998 1196 est?
1011 1132 1106 1198 huius
1121 1134 1199 1200 haee
1213 1137 1311 1200 verba
1326 1145 1417 1216 sunt,

305 1231 474 1318 adscripta
496 1234 545 1299 his
568 1235 761 1317 Vergilianis
783 1234 816 1296 in
839 1255 871 1294 vr
894 1233 1055 1299 Aeneidos
1069 1239 1156 1314 625,
1178 1239 1259 1304 Nos
1281 1262 1363 1303 nrur
1385 1265 1417 1304 sr

306 1356 476 1399 nrxeusn
498 1359 646 1400 esurum
668 1359 747 1400 smr
770 1356 920 1406 osseus
943 1358 1107 1416 unsrun,
1125 1342 1242 1405 Ferrea
1256 1366 1336 1407 riom.
1353 1346 1416 1408 Lu-

306 1439 405 1502 cretii
423 1462 532 1502 vereris
555 1440 697 1503 sublatus
712 1439 750 1502 dc
767 1440 921 1501 Hammo.
937 1439 995 1503 sed
1008 1442 1063 1506 ilie
1077 1442 1206 1505 Annus
1222 1465 1294 1505 vox
1314 1444 1417 1508 dimit.

305 1537 394 1603 idem
418 1537 548 1605 Servius
569 1539 683 1605 iterum
705 1537 748 1603 ad
770 1538 884 1604 eudem
906 1541 1047 1606 earmina
1074 1541 1107 1605 in
1134 1543 1308 1624 georgicon
1331 1569 1364 1623 6,
1375 1553 1418 1613 43

305 1640 417 1723 posita
429 1643 574 1708 Lucretii
584 1667 692 1707 uersus
705 1667 714 1706 .·
728 1642 786 1707 sed
798 1643 853 1707 ille
868 1667 967 1706 aerico
982 1667 1042 1708 uooe
1057 1647 1122 1727 eit,
1138 1647 1342 1730 uouferrea.
1358 1649 1418 1713 sed

306 1740 353 1807 ibi
369 1747 402 1808 et
416 1743 450 1807 in
464 1744 612 1809 lemmate
627 1750 776 1826 peccatur
791 1743 1032 1828 (praesentitur
1047 1744 1131 1809 enim
1148 1748 1220 1811 Noa
1236 1773 1291 1833 epo
1306 1764 1418 1813 meroem

306 1843 402 1929 mee)
419 1850 451 1908 et
465 1870 562 1911 aeaco
584 1845 783 1930 trisyllabum
800 1847 949 1912 vitiosum
965 1850 1032 1910 est.
1048 1845 1164 1911 deinde
1179 1847 1243 1911 alio
1260 1849 1330 1914 loeo
1346 1851 1418 1916 Ser-

306 1939 380 2011 viris
395 1966 464 2010 rem
478 1945 597 2012 indicat
617 1967 712 2029 quam
734 1955 903 2013 exsecutus
924 1946 1020 2012 fucrit
1039 1952 1154 2031 poeta,
1174 1949 1229 2014 ubi
1251 1951 1311 2016 hoe
1332 1954 1417 2034 quod

308 2069 369 2114 nos
384 2049 524 2130 legimus
539 2048 579 2113 ab
596 2069 635 2114 eo
651 2050 790 2136 cacmpli
801 2074 902 2114 coum
920 2049 1057 2132 positum
1077 2050 1172 2129 dicit,
1188 2052 1229 2116 ad
1244 2055 1418 2136 georgicon

308 2155 402 2228 1v‚5l
418 2152 546 2236 pulsem
561 2151 689 2216 hiemem
705 2153 754 2216 sol
768 2177 884 2216 aureus
900 2154 961 2237 epit
972 2200 979 2214 .
991 2151 1168 2217 Seeieudum
1182 2156 1349 2242 physicos,
1362 2160 1422 2242 qui

308 2252 441 2333 demeat,
457 2277 517 2337 quo
532 2267 668 2340 tempore
683 2254 732 2317 hie
748 2252 845 2317 hieme
860 2265 924 2334 ert,
940 2266 1086 2318 aestatem
1103 2278 1168 2319 esse
1183 2257 1239 2319 suh
1254 2261 1367 2340 terris,
1391 2274 1418 2323 et

307 2378 403 2419 uerae
418 2355 485 2418 uice
495 2403 504 2435 ‚
516 2379 586 2418 eum
601 2357 651 2419 hic
666 2368 770 2419 uestes
781 2403 789 2437 ‚
802 2356 870 2419 illie
886 2354 1034 2419 hiemem.
1047 2355 1133 2440 qrrorl
1146 2359 1239 2422 etiem
1253 2359 1419 2424 Lueretius

309 2457 504 2540 exequitur,
527 2470 554 2519 et
577 2457 674 2521 trehit
699 2459 733 2520 iu
756 2470 973 2542 erqumeutum
996 2458 1153 2541 putealem
1178 2483 1294 2544 equom
1306 2511 1314 2542 ,
1338 2487 1419 2547 qrroe

308 2571 429 2622 aestate
433 2557 658 2643 fripidrhmmo
675 2572 719 2624 est
726 2609 734 2642 ‚
746 2560 844 2624 hieme
859 2583 931 2622 uero
946 2557 1160 2622 calidissimo.
1172 2560 1244 2640 quis
1255 2561 1351 2642 igitur
1361 2564 1419 2627 du·

307 2659 389 2723 hitet
405 2657 482 2739 quin
497 2658 558 2723 huc
574 2678 612 2723 ea
627 2659 793 2725 reserenda
808 2660 871 2723 sint
886 2679 968 2741 qnae
984 2658 1138 2724 Claudius
1153 2660 1310 2727 Sacerdos
1325 2663 1421 2733 habet

307 2781 341 2845 p.
352 2760 423 2828 26?
442 2761 467 2825 S
480 2785 551 2825 uero
567 2763 690 2845 littera,
706 2762 828 2844 inquit,
845 2762 975 2826 eliditur
989 2763 1076 2844 sola,
1093 2764 1127 2826 oi
1138 2787 1158 2826 a
1173 2769 1360 2830 coooooouti
1372 2768 1417 2830 iu·

308 2864 412 2948 cipiot
432 2863 534 2927 altere
548 2887 630 2948 pars
650 2867 821 2930 orou‘ouie.
842 2878 877 2928 ut
891 2866 1059 2928 Lucretius
1074 2886 1252 2929 unusrnus
1269 2889 1418 2952 rursus,

309 2978 339 3028 et
355 2964 438 3027 oliti
448 2962 483 3048 (1,
497 2963 636 3063 lsslifflu
650 2967 830 3051 informibus
839 2969 975 3051 peruia.
993 2965 1114 3031 scilieet
1128 2969 1256 3033 aestiuis
1270 2971 1419 3032 mensibu?

300 3068 436 3154 ‚frictum
449 3064 526 3147 quin
541 3070 572 3130 et
587 3065 698 3131 eedem
715 3067 873 3150 pertinent
887 3085 970 3148 qnae
982 3066 1069 3150 apud
1080 3067 1257 3133 Charisium
1270 3070 1419 3153 leguntur

309 3189 341 3250 p.
355 3173 397 3234 43
419 3172 451 3231 ct
469 3166 502 3229 in
522 3167 678 3250 excerptis
698 3166 950 3250 orthographicis
970 3168 1058 3251 apud
1071 3169 1255 3235 Putschium
1269 3191 1300 3254 p.
1313 3177 1417 3250 2779,

310 3271 453 3336 Camere
468 3267 604 3351 dicitur,
619 3283 654 3334 ut
675 3271 804 3335 Verrius
819 3269 954 3335 Flaccus
969 3271 1130 3357 affirmat,
1145 3297 1208 3338 nou
1223 3298 1348 3339 comere
1360 3299 1419 3360 per

310 3397 345 3437 e.
360 3370 419 3435 ced
429 3371 596 3434 Lueretius
608 3371 818 3456 Comereeque
833 3373 967 3436 carnicis
981 3375 1163 3439 euteritibua
1178 3374 1309 3440 dt'ceudo
1324 3379 1419 3442 etium

310 3496 470 3538 eameram
485 3471 553 3536 diei
561 3496 653 3557 posse
669 3472 821 3537 ostendit.
841 3473 875 3536 in
893 3473 943 3538 his
958 3474 1095 3539 Charisii
1111 3474 1212 3541 codex
1227 3476 1420 3559 aliquotiens

310 3579 443 3657 peccat:
466 3572 605 3637 Lucretii
624 3572 722 3637 verba
743 3572 776 3636 in
795 3576 956 3659 excerptis
975 3576 1020 3639 ita
1039 3577 1265 3660 scriptumst,
1286 3582 1420 3644 commis

310 3701 353 3741 err
375 3677 545 3740 remulus.
574 3673 650 3736 mihi
678 3679 797 3739 certum
820 3675 944 3740 videtur
966 3679 1145 3743 Lucretium
1168 3679 1335 3762 scripsisse
1357 3703 1420 3743 cs-

309 3799 512 3848 unssseun
535 3797 706 3860 csururs,
729 3776 787 3840 sed
809 3776 888 3840 illud
912 3782 1094 3844 cortentibus
1109 3800 1172 3843 non
1187 3799 1317 3862 possum
1333 3786 1420 3845 certa

308 3878 435 3944 ratione
464 3878 659 3944 emendare.
690 3883 849 3960 postremo
879 3878 1115 3963 Philargyrium
1145 3882 1418 3960 commemorabo,

309 3979 368 4061 qui
389 3979 432 4044 ad
452 3979 625 4061 georgicon
640 4001 686 4056 111,
703 3983 761 4046 136
778 3978 858 4044 haee
873 3979 988 4065 habet,
1010 3983 1177 4047 Lucretius
1197 4005 1240 4045 nn
1261 4005 1418 4047 oanrusr
1515 3981 1518 3988 ’

303 4104 371 4167 pro
394 4080 513 4145 obturet
534 4094 562 4144 et
584 4079 747 4144 obcludat.
765 4078 845 4146 haec
868 4102 995 4165 quoque
1016 4083 1050 4147 in
1065 4083 1179 4150 eadem
1195 4103 1229 4148 re
1244 4084 1348 4150 locum
1364 4086 1419 4151 ha-

308 4181 389 4246 bere
410 4185 602 4263 potuerunt:
622 4186 707 4246 certe
730 4201 786 4246 cur
807 4181 929 4247 Lucilio
951 4182 1056 4266 potius
1077 4184 1245 4250 tribuenda
1267 4186 1330 4251 sint
1351 4190 1421 4252 nul-

309 4281 377 4345 lam
400 4300 528 4346 eausam
551 4282 646 4349 video
659 4331 667 4346 .
682 4303 757 4348 nam
780 4306 863 4367 quae
877 4284 1002 4350 Nonius
1023 4284 1119 4350 habet
1140 4307 1170 4370 p.
1180 4291 1283 4366 229,1
1303 4292 1417 4354 Lume-
1482 4282 1486 4288 ’

309 4384 376 4448 tius
386 4432 396 4465 ‚
414 4385 534 4449 Toutue
555 4385 751 4451 cooduuerot
771 4390 877 4454 omnio
900 4403 1026 4473 torpor,
1041 4407 1081 4453 ea
1095 4387 1158 4454 hue
1175 4389 1333 4473 pertinere
1355 4410 1418 4452 non

308 4502 441 4567 pugn03
465 4503 679 4568 quamquam,
702 4487 728 4550 si
754 4488 939 4554 conduceret
967 4489 1166 4555 scribendum
1196 4494 1264 4574 est,
1287 4495 1420 4572 possunt

308 4582 354 4649 de
376 4581 491 4650 hiemis
512 4591 655 4670 tempore
679 4587 764 4653 dieta
785 4608 876 4655 esse.

399 4689 472 4756 841.
506 4689 671 4752 Asnsorr
704 4711 796 4760 eura
831 4711 949 4753 renas
982 4712 1148 4768 canosa,
1178 4711 1221 4754 nr
1256 4711 1339 4753 seur
1369 4712 1419 4753 sr-
