3509 5442
411 543 474 615 236
940 545 984 610 IV

413 714 527 780 addita
538 717 638 780 caeto.
652 714 827 780 Lambinus
836 715 958 780 caetum
970 729 1004 779 nt
1015 713 1144 780 videare
1155 712 1262 779 videre
1274 725 1302 778 et
1310 711 1457 800 Corpora
1467 715 1518 781 mi

411 818 511 882 randi
523 820 578 882 sub
595 833 695 883 terras
711 816 819 880 abdita
834 818 918 882 caeti
927 865 934 880 .
951 822 1057 882 cetera
1077 814 1128 881 hie
1150 814 1260 899 peiora
1281 815 1515 899 praetermitto.

411 920 556 985 mirande
571 919 777 996 adverbium,
793 916 880 1000 quod
893 917 927 981 in
942 916 1098 999 quadrato
1114 915 1263 1000 scripum
1280 922 1331 980 θεῖ
1345 919 1513 1001 mirandae,

411 1025 446 1084 ut
457 1021 621 1087 mendosae
633 1026 711 1098 503,
724 1023 879 1106 supernae
893 1023 971 1097 173,
988 1024 1019 1082 θῖ
1034 1018 1066 1082 in
1082 1023 1217 1101 ubvque
1228 1023 1291 1087 949
1306 1019 1412 1103 prima
1427 1040 1511 1084 manu

412 1123 494 1187 attae
505 1172 514 1205 ,
531 1122 693 1206 (m0x462
708 1120 853 1186 mirande
874 1120 907 1184 in
926 1119 1076 1205 utroque)
1089 1170 1097 1200 ,
1112 1139 1177 1184 non
1199 1125 1248 1185 θεῖ
1268 1140 1367 1186 verae
1389 1127 1420 1186 et
1441 1123 1510 1186 anti-

413 1243 494 1305 quae
516 1223 715 1289 Latinitatis:
739 1228 771 1287 θῖ
793 1221 978 1286 mirabiliter
999 1227 1109 1306 peccat
1122 1222 1267 1302 Nonius,
1289 1243 1361 1287 cum
1385 1223 1508 1290 Claudio
1547 1248 1549 1257 ·

412 1324 624 1409 Quadrigario
636 1325 788 1391 adscribit
798 1324 992 1389 tinnibunde
1002 1349 1064 1410 pro
1080 1326 1256 1391 dinnienter
1270 1345 1301 1409 p.
1319 1329 1390 1404 122,
1405 1330 1453 1406 13,
1465 1327 1508 1409 qui
1546 1350 1549 1387 r

411 1426 535 1491 dixerat
550 1454 646 1514 equae
662 1426 897 1492 tinnibundae.
914 1446 1106 1509 quamquam
1122 1425 1188 1492 scio
1200 1427 1355 1493 horrende
1369 1428 1404 1491 in
1418 1428 1509 1494 lexiva

411 1529 545 1594 relatum
574 1549 645 1596 esse
674 1549 714 1593 ex
739 1527 820 1593 libro
848 1527 1029 1611 Sapientiae
1049 1535 1123 1608 vno
1148 1534 1292 1613 xvn1‚3‚
1312 1547 1378 1611 quo
1405 1530 1508 1596 eaden

411 1635 541 1695 utuntur
551 1631 733 1696 Priscianus
744 1652 775 1716 p.
791 1635 866 1700 1041
885 1635 917 1694 et
927 1630 1058 1712 Sergius
1069 1651 1099 1715 p.
1115 1635 1217 1714 1851,
1232 1630 1298 1710 iu,
1313 1633 1510 1699 Horrendum

411 1734 526 1798 clamat
537 1759 597 1820 pro
610 1735 762 1800 horrende
773 1760 784 1818 ,·
799 1732 849 1798 eui
861 1730 1055 1797 simillimum
1071 1737 1119 1797 est
1134 1732 1220 1815 quod
1232 1733 1365 1799 Servius
1379 1734 1414 1798 in
1428 1753 1510 1816 geor·

410 1833 505 1917 gioon
520 1858 565 1914 111,
579 1841 619 1906 28
634 1837 1000 1924 mapnamqacflaentem
1016 1834 1146 1918 exponit
1159 1858 1291 1922 mapne,
1306 1833 1459 1920 idemque
1476 1835 1511 1900 ad
1550 1896 1554 1921 ‚

412 1937 490 2001 Aen.
501 1942 590 2015 1351
604 1939 801 2027 Infandum,
817 1936 919 2019 inquit
930 1987 938 2014 ‚
951 1960 1011 2023 pro
1024 1937 1158 2020 infande
1166 1940 1292 2023 posuit.
1307 1958 1369 2003 nec
1380 1938 1511 2003 minores
1553 1923 1554 1929 ἵ

410 2037 463 2103 bic
485 2041 594 2105 turbas
616 2040 735 2105 faciunt
751 2042 913 2126 Corpora,
930 2037 996 2103 sive
1020 2034 1062 2100 ad
1084 2035 1194 2104 nubila
1217 2044 1248 2104 et
1261 2039 1388 2105 caelum
1410 2040 1512 2105 referi-

410 2163 480 2206 mus
510 2143 577 2207 sive
604 2141 646 2205 ad
669 2141 794 2208 sidera.
818 2140 904 2224 quod
927 2140 1027 2223 siquis
1050 2144 1156 2204 vetera
1179 2140 1413 2221 considerabit,
1432 2142 1512 2207 inve-

410 2244 475 2309 niet
498 2264 538 2310 ea
560 2250 679 2309 mutato
698 2264 848 2309 versuum
871 2242 981 2306 ordine
1003 2248 1068 2306 tam
1090 2248 1165 2326 apte
1187 2242 1268 2308 inter
1287 2261 1324 2308 se
1348 2242 1512 2309 cohaerere

410 2345 512 2411 utrix
527 2347 651 2430 possint
665 2345 757 2410 aliter
779 2367 799 2410 a
820 2350 916 2428 poeta
931 2343 1048 2428 scripta
1064 2343 1258 2424 existimari,
1274 2346 1332 2410 snb
1348 2359 1452 2410 terras
1467 2347 1511 2410 ab·

411 2450 479 2514 dita
491 2468 597 2510 cunm
609 2449 730 2513 Nubila
742 2449 901 2535 despicere
913 2460 941 2512 et
952 2448 1073 2512 caelum
1084 2447 1212 2513 videare
1223 2448 1331 2513 videre
1343 2495 1350 2510 .
1366 2446 1432 2510 iam
1443 2467 1511 2512 vero

410 2550 452 2614 ad
476 2549 695 2634 complendam
719 2548 906 2615 sententiam
929 2567 967 2611 ex
992 2549 1134 2634 Corpora
1149 2549 1295 2615 mirande
1310 2566 1405 2613 nemo
1429 2548 1512 2613 dubi·

409 2659 477 2718 tare
498 2657 603 2736 potest
626 2652 701 2734 quin
724 2649 906 2716 faciendum
936 2649 977 2714 sit
998 2650 1050 2714 Ur
1073 2673 1191 2715 recen
1213 2672 1399 2715 urascio.
1420 2671 1511 2715 unum
1553 2702 1554 2734 ,

410 2762 517 2820 tamen
544 2753 768 2839 corrigendum
795 2758 918 2818 restat:
945 2773 1019 2817 narn
1048 2753 1206 2841 despicere
1240 2774 1310 2818 cum
1345 2751 1512 2819 accusandi
1553 2744 1554 2782 ³

410 2878 486 2923 casu
508 2877 572 2921 non
595 2856 796 2938 coniungitur
821 2854 882 2919 nisi
908 2855 941 2919 in
967 2854 1197 2937 significatione
1220 2859 1442 2939 contemptus:
1464 2874 1513 2919 ne

410 2978 472 3042 que
493 2959 560 3023 ulla
581 2959 614 3022 in
637 2956 784 3024 Caesaris
805 2957 912 3023 verbis
934 2955 1128 3038 ambiguitas
1151 2963 1218 3038 est,
1236 2977 1307 3025 vum
1330 2957 1458 3041 scripsit
1478 2957 1513 3022 de

408 3060 494 3126 bello
511 3060 636 3127 Gallico
653 3080 765 3127 comm.
781 3058 994 3146 v11,20quod
1013 3073 1040 3123 et
1050 3063 1246 3146 paucitatem
1267 3084 1373 3127 eorum
1389 3085 1431 3126 eu
1454 3061 1512 3125 troo

409 3166 569 3251 superiore
585 3187 766 3248 cvpncscere
782 3176 810 3227 et
824 3164 969 3226 virtutem
985 3160 1143 3246 despicere
1151 3164 1335 3248 potuerint,
1352 3165 1414 3248 qui
1426 3163 1511 3228 dimi·

409 3292 481 3332 core
493 3291 555 3331 nou
567 3268 642 3329 ausi
650 3267 784 3352 turpiter
795 3290 828 3329 se
840 3266 874 3329 iu
886 3276 993 3328 castra
1003 3266 1189 3349 receperint.
1202 3263 1309 3347 itaque
1319 3285 1512 3328 olsrrcnnn

409 3366 610 3433 scribendum
633 3372 701 3446 θεῖ,
721 3372 756 3430 ut
782 3369 869 3431 recte
891 3363 1017 3430 codices
1042 3364 1076 3428 in
1101 3364 1182 3430 libro
1197 3387 1230 3448 n,
1243 3369 1285 3434 26
1310 3369 1391 3452 quin
1413 3370 1513 3433 omnr'a

409 3470 620 3556 dispiciantur
626 3519 635 3552 ‚
648 3468 854 3556 Subpedibus
863 3493 1080 3554 quaecumque
1089 3466 1237 3554 infraper
1248 3470 1342 3534 inane
1351 3483 1510 3556 parantur.

336 3602 340 3610 ·
409 3571 454 3636 sio
467 3571 616 3659 Manilius
631 3593 664 3649 11,
678 3576 739 3641 837
763 3569 803 3634 de
828 3569 1016 3634 occidentali
1040 3568 1168 3635 cardine
1184 3569 1399 3657 Oceanumque
1412 3586 1511 3639 tenens

408 3675 599 3738 submersum
614 3674 742 3760 dispicit
750 3673 851 3737 ortem
858 3721 867 3752 ,
880 3692 945 3735 non
953 3673 1102 3759 despicit:
1113 3692 1208 3737 versu
1214 3677 1276 3742 849
1290 3674 1451 3761 imumque
1461 3676 1510 3740 snt

408 3778 510 3841 orbem
532 3776 722 3841 Descendit.
744 3773 810 3839 scio
834 3774 962 3858 quidem
988 3773 1021 3838 in
1042 3773 1155 3840 lexicis
1178 3772 1295 3840 adferri
1317 3775 1397 3843 haec
1419 3778 1512 3843 verba

409 3878 604 3944 Columellae
615 3884 673 3958 1,6‚
681 3881 735 3957 23,
749 3879 850 3960 Area,
863 3879 897 3941 si
905 3878 1063 3963 competit,
1075 3880 1122 3941 ita
1136 3877 1353 3942 constituenda
1365 3893 1410 3945 est
1425 3894 1459 3944 ut
1469 3880 1512 3945 vd

409 4007 430 4045 a
446 3982 569 4046 domino
584 3981 634 4045 vet
648 3993 728 4045 certe
743 4005 762 4044 a
771 3993 977 4065 procuratore
992 3979 1116 4065 despici
1120 3982 1243 4065 possit:
1259 3978 1317 4045 sed
1330 3978 1376 4044 ibi
1388 3999 1511 4063 quoque

407 4082 579 4165 legendnm
603 4087 651 4148 est
673 4082 807 4169 dispici,
824 4081 910 4165 quod
933 4085 1017 4146 recte
1033 4081 1182 4166 scriptum
1198 4087 1285 4146 extat
1305 4082 1388 4147 libro
1404 4107 1449 4164 rr,
1460 4088 1510 4161 24,

410 4188 468 4253 19.
492 4203 597 4267 neque
622 4183 656 4248 in
682 4184 844 4250 Aeneidos
859 4207 881 4264 1,
894 4188 957 4252 224
980 4182 1145 4249 ferendum
1179 4188 1227 4248 est
1252 4185 1375 4250 aethere
1396 4209 1511 4251 summo

407 4287 594 4372 Deuriciens
609 4311 696 4351 mare
718 4287 883 4352 velivolum
906 4290 938 4352 et
960 4291 1084 4368 vetera,
1101 4284 1159 4349 sed
1180 4284 1382 4370 probandum
1405 4289 1510 4374 Despi-

408 4391 511 4468 ciens,
528 4387 614 4470 quod
636 4387 669 4451 in
691 4388 821 4458 arbitrio
843 4387 934 4473 ponit
954 4386 1104 4453 Servius.
1120 4393 1192 4452 utor
1213 4386 1344 4451 arbitrio
1366 4387 1401 4452 iu
1424 4408 1511 4470 geor-

408 4490 637 4584 gicon11,186
671 4495 703 4557 et
729 4491 826 4557 Nonii
855 4489 1073 4556 auctoritatem
1106 4487 1278 4568 rescindo,
1301 4489 1355 4572 qui
1388 4490 1512 4556 exhibet

407 4614 437 4678 p.
450 4596 512 4662 288
529 4593 660 4672 Qualem
674 4618 767 4680 saepe
783 4618 861 4659 cava
884 4594 996 4658 montis
1011 4594 1151 4658 convalle
1173 4594 1307 4658 solemus
1321 4592 1510 4679 Despicere.

407 4695 563 4782 dispicere
574 4693 774 4762 scribendum
787 4700 837 4762 est
849 4693 884 4760 in
895 4691 1000 4762 Ovidii
1012 4698 1136 4760 metam.
1152 4717 1186 4776 11,
1196 4699 1254 4764 178
1269 4697 1369 4780 m,44
1383 4716 1441 4778 vn,
1453 4698 1511 4765 223
