3509 5442
225 549 227 553 ’
322 563 385 629 aas
853 555 899 620 m

323 728 384 794 hoc
407 734 455 794 est
478 727 532 810 qui
555 727 649 790 modo
673 731 757 791 stare
780 726 949 791 videbatur
968 725 1060 810 (Stat
1076 724 1135 788 Th.
1151 747 1182 810 v,
1198 730 1261 805 86,
1278 725 1390 790 Horat.
1406 745 1430 790 c.

323 851 369 909 nr,
382 834 433 907 28,
446 829 481 914 5)
504 829 636 894 inclinat
658 848 696 893 aa
710 827 835 905 delicit,
853 833 885 892 et
899 831 1038 904 remeat,
1055 845 1125 891 cum
1148 833 1222 910 post
1235 833 1366 893 noctem
1387 848 1431 893 re

324 931 388 995 dit!
405 950 443 995 ao
466 950 505 995 ne
526 930 560 994 in
575 928 877 1015 Sulpiciae-quidem
899 929 997 994 satira
1011 933 1053 996 23
1072 927 1171 994 virtus
1187 931 1337 995 Romana
1357 931 1431 995 satis

323 1040 396 1116 apte
424 1035 539 1098 coiisse
567 1031 680 1096 dicitur
706 1031 739 1095 in
766 1050 853 1095 mare
880 1031 1020 1096 Siculum
1051 1037 1083 1095 et
1105 1030 1353 1115 Carthaginem,
1377 1031 1431 1097 scd

324 1137 455 1200 Romam
471 1133 573 1217 ipsam
596 1136 696 1198 cimas
711 1136 833 1219 opitata
850 1134 938 1199 domi
950 1148 977 1199 at
991 1135 1162 1198 socialibus
1177 1137 1279 1198 armis
1294 1135 1431 1221 Imfreto

324 1238 472 1304 Sicaniae
499 1250 526 1302 et
549 1237 752 1320 Carttapimis
770 1238 875 1300 'coceiit
902 1261 1016 1317 arces,
1041 1237 1211 1320 Ceteraqae
1238 1238 1379 1322 imperia
1407 1251 1431 1301 et

325 1353 419 1404 totam
441 1339 538 1403 simul
559 1338 687 1401 adstulit
708 1339 830 1402 ortem.
853 1338 913 1402 hoo
939 1345 1045 1403 tamen
1066 1336 1161 1401 facile
1182 1337 1347 1416 concedo,
1371 1343 1430 1402 tam

325 1440 435 1503 miram
458 1438 662 1524 prosodiam,
680 1438 769 1503 cuius
789 1440 943 1504 rationem
965 1459 1030 1503 non
1044 1438 1287 1520 intellegerent,
1305 1438 1431 1521 quibus-

325 1542 399 1605 dam
429 1562 491 1605 non
518 1539 612 1605 valde
633 1539 821 1622 placuisse.
845 1561 919 1605 nam
952 1560 1033 1623 quae
1057 1547 1187 1623 quartae
1210 1538 1430 1606 declinationis

325 1650 398 1709 sunt
418 1643 619 1725 breviantur,
640 1647 674 1705 ut
696 1644 805 1707 ambiit
827 1644 931 1708 audiit
954 1645 1042 1708 leniit
1065 1645 1194 1707 emuniit
1222 1646 1340 1725 acciit,
1359 1642 1429 1707 item

325 1748 479 1833 quaesiit,
501 1744 563 1810 nisi
586 1744 640 1809 ubi
662 1744 827 1826 productio
850 1744 1086 1809 excusationem
1111 1741 1227 1827 habet,
1248 1745 1340 1810 velut
1361 1751 1429 1810 ante

324 1848 513 1914 vocabulum
537 1847 694 1911 Graecum
717 1845 826 1910 autin
848 1845 1088 1929 penthemimeri
1111 1850 1264 1927 sequente
1288 1862 1319 1912 et
1338 1867 1429 1931 oopu-

323 1950 441 2034 latiVO,
457 1956 491 2014 ut
512 1949 546 2013 in
568 1946 687 2014 Valerii
709 1947 827 2012 Flaccii
842 1970 910 2026 vm,
923 1952 985 2016 259
1008 1949 1143 2044 impediit
1163 1950 1366 2034 Hymenaeon
1375 2000 1384 2032 ,
1398 1949 1428 2011 in

326 2052 430 2118 Ovidii
452 2058 577 2117 metam.
594 2072 650 2132 x11,
668 2054 730 2117 392
745 2051 881 2136 impediit
902 2065 929 2115 et
944 2054 1057 2116 amomi:
1072 2054 1127 2115 siit
1139 2050 1173 2114 in
1183 2051 1327 2116 Terentii
1338 2050 1427 2117 Adcl-

325 2155 396 2239 phis
411 2177 432 2233 1,
445 2159 474 2231 2,
484 2159 526 2221 24
537 2170 710 2234 agnoscere
721 2151 844 2216 videtur
855 2153 1028 2218 Diomedes
1043 2174 1073 2237 p.
1087 2157 1146 2220 371
1162 2201 1170 2234 ,
1186 2153 1283 2218 desiit
1294 2151 1425 2217 inversu

325 2277 389 2321 non
400 2255 528 2332 inveni,
545 2254 602 2319 sed
614 2253 761 2318 dixerunt
776 2255 856 2320 desit
867 2255 1016 2319 Manilius
1030 2277 1060 2333 u,
1073 2260 1156 2333 563,
1173 2254 1333 2320 Martialis
1344 2259 1424 2333 vr,26

325 2383 379 2435 v11,
390 2365 435 2430 39
450 2381 481 2436 x,
494 2364 535 2427 86
548 2363 589 2425 30
603 2379 646 2432 x1,
659 2360 700 2423 25
714 2404 720 2419 .
736 2355 842 2438 itaque
865 2357 955 2421 multi
978 2363 1051 2422 sunt
1077 2357 1131 2439 qui
1149 2360 1242 2444 potiit
1256 2377 1422 2440 numquam

325 2462 484 2538 dixerint,
500 2480 564 2524 non
586 2457 665 2521 nulli
681 2464 786 2522 autem
808 2478 849 2523 ne
871 2462 967 2524 subiet
981 2459 1130 2540 quidem;
1146 2480 1221 2542 pars
1243 2465 1301 2525 aut
1315 2465 1424 2524 utrum

326 2583 388 2646 que
411 2581 532 2645 genus,
553 2565 607 2622 aut
633 2579 672 2624 ea
696 2565 817 2623 tantum
849 2580 931 2642 quae
959 2561 1055 2626 eundi
1084 2561 1351 2644 significationem
1376 2563 1423 2627 lra-

326 2668 401 2732 bent
416 2715 423 2749 ,
440 2685 504 2728 non
526 2662 588 2726 nisi
607 2668 679 2724 ante
696 2668 927 2741 consonantes,
947 2669 981 2727 ut
996 2663 1181 2744 Lucretius,
1198 2664 1364 2749 Catullus,
1379 2665 1423 2728 'li-

326 2768 450 2851 bullus,
465 2764 611 2841 Gratius,
626 2763 853 2841 Germanicus,
869 2765 986 2829 Silius.
1002 2766 1077 2842 alii,
1094 2766 1147 2847 qui
1158 2764 1209 2831 his
1221 2772 1296 2831 ante
1308 2766 1423 2832 vocales

325 2871 376 2935 usi
406 2876 496 2951 sunt,
517 2867 561 2931 ita
590 2885 714 2948 semper
738 2872 912 2946 posuerunt
939 2873 973 2931 ut
999 2867 1123 2950 possint
1147 2867 1304 2952 imperitis
1332 2866 1423 2932 videri

325 2976 454 3055 propter
483 2987 645 3034 caesuram
672 2965 828 3049 producta
855 2987 928 3032 esse
947 2994 954 3032 :
975 2969 1021 3033 sic
1049 2973 1143 3055 petiit
1169 2969 1332 3052 Vergilius
1352 2971 1423 3035 Aen.

311 3070 356 3155 '·x,
370 3078 431 3150 67,
455 3070 638 3154 Propertius
654 3093 674 3146 1,
690 3076 737 3146 10,
750 3072 811 3147 23,
828 3069 982 3134 Martialis
996 3093 1026 3147 x,
1039 3077 1100 3154 60,
1123 3071 1170 3135 sie
1191 3077 1301 3136 cetera
1323 3069 1425 3152 Vergi-

325 3175 408 3250 lius,
424 3172 595 3254 Horatius,
611 3171 753 3247 Persius,
766 3171 913 3237 Valerius
929 3173 1084 3251 Flaccus,
1101 3173 1238 3257 Statius,
1254 3171 1424 3248 Martialis,

325 3274 503 3341 luvenalis.
521 3292 625 3354 neque
641 3272 772 3336 Plautus
795 3280 849 3337 aut
863 3274 1031 3338 Terentius
1052 3273 1098 3338 ita
1118 3275 1151 3338 in
1165 3275 1315 3340 versibus
1338 3273 1426 3338 eollo-

326 3383 437 3443 carunt
459 3382 493 3440 ut
515 3375 643 3439 ultimae
667 3375 811 3458 syllabae
841 3375 1001 3456 quantitas
1029 3382 1114 3440 certo
1143 3376 1287 3460 intellegi
1309 3375 1425 3460 possit,
1465 3436 1466 3447 ,

327 3480 384 3545 sed
398 3478 458 3542 hoc
473 3476 588 3559 modu,
610 3478 696 3540 Dum
712 3479 786 3542 tace
802 3479 961 3563 loquitur,
978 3479 1056 3542 abiit
1069 3480 1166 3561 tora,
1181 3479 1216 3542 in
1227 3477 1383 3542 Eunucho
1397 3499 1426 3553 11,
1465 3478 1466 3482 ’

326 3589 355 3666 3,
368 3588 429 3664 00,
447 3584 501 3643 aut
516 3579 607 3644 Satio
623 3580 701 3643 abiit
721 3579 846 3643 illatio
861 3577 962 3641 Milite
977 3601 1010 3656 11,
1023 3585 1051 3662 6,
1068 3584 1105 3658 13
1128 3579 1190 3644 nisi
1206 3579 1294 3662 quod
1315 3579 1350 3642 in
1366 3578 1427 3644 eis

325 3683 449 3750 tellaria
464 3701 504 3758 m,
517 3684 547 3764 2,
560 3685 601 3747 35
616 3699 727 3745 versus
739 3680 934 3746 Bacchiaeus
950 3680 1066 3763 optime
1082 3681 1127 3746 sio
1137 3681 1275 3760 incedit,
1293 3681 1426 3747 (lontan-

323 3788 456 3874 plabor.
473 3786 546 3847 dioc
561 3785 620 3847 troo
642 3786 699 3846 iit.
716 3785 788 3847 lu'oc
806 3807 963 3867 nusquam
980 3785 1077 3846 abiit.
1093 3789 1213 3847 tantum
1233 3781 1274 3846 de
1297 3783 1348 3848 his
1362 3802 1428 3866 per-

326 3888 476 3954 lectorum
499 3884 629 3962 formis,
650 3885 683 3948 in
707 3884 821 3966 quibus
843 3887 859 3948 i
877 3882 996 3965 duplex
1020 3889 1086 3966 est,
1103 3884 1188 3962 dixi,
1208 3889 1244 3948 ut
1264 3890 1429 3968 appareret

197 4037 201 4045 .
328 4009 391 4074 qua
413 3987 599 4052 condicione
627 3987 677 4050 his
705 3984 823 4066 singuli
844 3984 895 4049 usi
917 3991 1023 4048 essent
1043 4034 1050 4046 .
1070 3985 1104 4048 in
1129 3985 1239 4051 formis
1261 3985 1428 4051 contractis

327 4092 441 4175 triplex
464 4095 512 4154 est
533 4094 696 4171 poetarum
720 4085 935 4152 consuetudo:
953 4092 1026 4151 sunt
1048 4087 1131 4150 enim
1155 4087 1208 4169 qui
1231 4088 1290 4152 has
1311 4094 1427 4152 tantum

326 4192 421 4257 modo
445 4199 518 4256 ante
534 4195 746 4256 consonantes
767 4189 818 4253 vel
840 4190 874 4251 in
897 4189 983 4251 exitu
1004 4209 1152 4254 versuum
1174 4195 1316 4271 ponant,
1331 4189 1428 4254 Phae

310 4297 423 4379 drus,
439 4294 581 4372 Seneca,
598 4291 717 4372 Silius,
735 4311 804 4356 oum
827 4290 970 4374 plerique
994 4309 1050 4355 eas
1071 4310 1136 4353 non
1157 4289 1219 4354 nisi
1241 4296 1318 4356 ante
1339 4309 1428 4356 voca·

325 4397 374 4461 les
401 4395 585 4473 admittant,
607 4393 718 4458 comici
745 4400 850 4457 autem
876 4399 1000 4456 veteres
1026 4399 1160 4474 utroque
1188 4391 1284 4456 modo
1302 4439 1310 4456 .
1331 4391 1429 4457 Phae·

326 4499 403 4564 drus
429 4498 463 4561 in
489 4495 552 4560 fine
573 4514 722 4560 versuum
739 4497 923 4581 promittam
949 4494 1060 4560 vr'ilam
1074 4496 1177 4580 petit,
1199 4517 1254 4558 eos
1276 4494 1365 4580 qaod
1383 4518 1428 4558 rc

287 4581 292 4590 ¹
323 4600 547 4688 parotisperit,
559 4610 709 4663 secretum
720 4600 818 4683 petit,
833 4619 867 4679 11,
881 4602 909 4679 8,
923 4599 943 4662 3
958 4616 1001 4674 lv,
1013 4600 1065 4672 22,
1077 4599 1118 4662 27
1134 4599 1185 4678 25,
1198 4600 1218 4662 6
1229 4643 1237 4658 .
1250 4594 1298 4660 sic
1309 4595 1429 4662 Seneca

328 4703 420 4769 Herc.
436 4699 457 4766 f.
470 4703 533 4769 826
552 4699 671 4766 Phoen.
688 4702 752 4768 210
771 4699 866 4782 Hipp.
881 4702 942 4766 728
965 4695 1044 4762 Oed.
1062 4703 1125 4767 803
1146 4699 1221 4762 Tro.
1238 4703 1282 4768 50
1293 4702 1429 4769 348460

480 4794 615 4848 Α
