3509 5442
315 584 379 652 226
848 569 893 636 IV

317 753 389 818 velo
400 749 551 837 phaselos
574 769 677 832 equa,
694 741 787 821 Quod
806 765 902 826 cuper
924 752 988 821 cst,
1004 740 1137 824 sufferre
1145 736 1248 824 pedes
1261 750 1426 824 properate

319 855 457 918 laborem
470 898 477 913 .
492 848 707 934 obiferaotor
728 848 835 908 autem
851 839 1084 906 coniunctivum
1102 839 1136 903 in
1151 838 1297 904 membro
1320 838 1362 902 cb
1382 837 1423 901 in·

318 952 534 1036 terrogctione
549 948 706 1033 pendente
722 945 825 1009 locum
848 941 966 1008 habere
990 942 1061 1023 quis
1084 942 1207 1024 neget?
1222 946 1255 1005 et
1278 939 1422 1006 simillimi

320 1061 394 1122 sunt
414 1055 437 1119 ii
460 1049 651 1119 coniunctivi
674 1068 754 1130 quos
776 1046 932 1110 habemus
953 1044 986 1108 in
1007 1043 1080 1108 libri
1094 1066 1131 1107 ιιι
1145 1064 1241 1109 versu
1257 1047 1321 1113 507
1345 1041 1419 1107 etin

320 1181 353 1221 ιι
365 1162 447 1227 855.
465 1158 624 1239 postremo
641 1152 747 1229 Quone
769 1150 862 1212 citios
885 1161 957 1213 eom
972 1145 1146 1211 rectissime
1168 1145 1289 1210 dictum
1312 1148 1377 1226 est,
1391 1149 1419 1207 ul

320 1258 398 1324 nihil
425 1277 505 1341 opus
530 1255 571 1320 sit
597 1254 708 1317 Nonne
736 1249 876 1315 scribere
907 1268 978 1312 cum
1012 1253 1188 1313 correctore
1218 1245 1366 1330 quadrati
1394 1252 1419 1310 et
1463 1264 1465 1341 p

320 1359 476 1438 Marullo;
497 1354 583 1439 quod
605 1355 638 1419 in
661 1352 800 1433 oblongo
823 1351 912 1434 solo,
932 1355 1005 1415 ante
1028 1368 1123 1433 quam
1145 1349 1173 1414 is
1195 1349 1416 1431 corrigerem,
1464 1406 1465 1445 p

321 1461 380 1526 fuit
395 1463 462 1539 Quo
477 1482 575 1544 oeque
588 1505 596 1520 .
611 1453 826 1532 Quintilianus
846 1453 881 1517 in
896 1476 917 1531 1,
932 1457 981 1531 10,
995 1457 1014 1520 3
1034 1466 1088 1516 aot
1104 1478 1164 1538 quo
1180 1453 1296 1518 melius
1316 1452 1364 1516 vel
1375 1451 1417 1515 de·

312 1563 428 1651 foedet
448 1586 536 1626 reum
551 1560 601 1624 cel
614 1572 699 1644 repet
713 1557 847 1621 consilio
869 1557 929 1640 qui
940 1556 1080 1618 citharae
1095 1578 1186 1618 socos
1201 1555 1379 1618 nominum
1398 1566 1420 1617 et

321 1667 435 1752 spatiis
450 1662 656 1727 distinxerit?
676 1658 736 1722 hoc
756 1656 883 1722 dicendi
899 1675 1001 1738 genus
1015 1653 1214 1738 Propertium
1229 1653 1345 1721 decere
1366 1653 1421 1719 cxi·

321 1766 488 1832 stimobam
504 1763 538 1827 in
553 1760 687 1829 disticho
704 1759 746 1825 ad
756 1759 963 1824 imitationem
980 1756 1132 1824 orationis
1147 1755 1290 1821 Lucretii
1305 1775 1423 1838 compo
1465 1840 1466 1847 ἵ

322 1868 404 1946 sito,
420 1890 441 1944 1,
454 1870 483 1943 2,
497 1871 537 1943 9,
553 1864 608 1929 ubi
624 1887 684 1950 quo
705 1863 817 1927 melior
833 1860 966 1944 scripsi,
984 1880 1056 1926 cum
1077 1857 1150 1924 libri
1171 1857 1314 1923 habeant
1336 1881 1423 1944 quor,

323 1972 440 2057 Aspice
460 1991 520 2054 quo
542 1967 705 2032 summittit
725 1963 844 2049 (potius
864 1962 1048 2046 committat)
1064 1963 1176 2025 humus
1186 1961 1340 2047 formoso
1354 1960 1442 2052 colo¹

323 2096 374 2137 reo
386 2072 428 2136 Et
440 2072 565 2134 veniant
576 2068 708 2133 hederae
720 2080 826 2151 sponte
839 2089 899 2130 ooo
915 2065 1046 2146 ortelium
1058 2061 1144 2145 quod
1156 2061 1385 2143 Hertzbergius
1395 2081 1424 2126 se

323 2172 511 2252 intellegere
534 2167 689 2251 negavit.
714 2174 747 2232 at
774 2187 833 2248 ego
856 2164 995 2231 vicissim
1023 2165 1082 2229 viri
1109 2163 1286 2229 doctissimi
1308 2170 1425 2230 senten·

323 2276 400 2339 tiam
423 2272 538 2348 miror,
556 2270 609 2352 qui
624 2267 780 2352 Propertii
801 2267 900 2331 verba
921 2266 967 2330 ita
986 2266 1206 2349 interpretetur
1228 2271 1264 2330 ut
1286 2267 1425 2333 hederam
1466 2328 1467 2333 ,

324 2382 355 2442 et
370 2377 515 2440 arborum
536 2372 620 2436 inter
641 2371 777 2452 coloreo,
793 2367 827 2432 id
850 2373 898 2433 est
918 2368 1000 2432 inter
1015 2367 1112 2433 flores
1127 2369 1307 2448 coloratos,
1324 2388 1425 2433 nume

325 2494 414 2541 resse
435 2472 599 2539 videatur:
621 2471 697 2535 dicit
726 2470 809 2535 enim
832 2468 960 2551 ‘Aspice
988 2469 1113 2535 colores
1141 2491 1222 2552 quos
1250 2476 1337 2536 terro
1360 2471 1425 2536 sub-

325 2576 438 2643 mittit:
454 2575 517 2639 iom
539 2573 663 2640 videbis
684 2577 720 2636 ut
741 2577 852 2655 sponte
876 2591 935 2634 sua
957 2571 1072 2636 melius
1095 2573 1257 2638 veniant.'

280 2728 286 2737 t
411 2682 483 2746 210.
507 2675 616 2754 Quen
644 2696 776 2740 onnnnr
804 2693 957 2737 norun.
986 2673 1189 2742 correctores
1217 2674 1424 2759 antiquissimi

326 2804 447 2846 nonu.

412 2884 485 2950 211.
508 2903 576 2945 son
599 2902 663 2944 nrc
679 2900 867 2942 srnnnnon
883 2900 1002 2950 noun.
1019 2880 1185 2944 Corrector
1207 2880 1357 2961 quadrati
1377 2880 1425 2944 ool

328 2986 399 3051 ditm
423 2988 455 3047 et
475 2984 577 3068 aquai
586 3031 593 3045 .
614 2984 669 3047 ouh
694 2982 749 3046 clio
773 2979 919 3046 scribitur
950 2981 1037 3064 apud
1058 2983 1227 3061 Plautum,
1244 2982 1300 3064 qui
1323 3001 1363 3048 eo
1385 3000 1426 3046 se·
1467 2958 1469 3023 i

326 3085 389 3150 mel
411 3104 489 3149 usus
513 3089 582 3166 est,
598 3083 631 3147 in
652 3102 745 3148 versu
769 3081 911 3146 mutilato
927 3083 1317 3168 Mostellarioen1,2,78‚
1334 3085 1368 3148 in
1381 3084 1427 3149 Vi-

324 3186 418 3252 truvii
433 3186 514 3249 libro
530 3207 559 3268 r,
573 3190 602 3262 9,
615 3189 634 3251 5
648 3191 679 3248 et
693 3190 712 3253 6
726 3236 733 3260 ,
749 3185 824 3248 item
839 3206 882 3263 vr,
895 3191 924 3268 3,
937 3191 956 3252 9
974 3208 1027 3264 vn,
1043 3191 1070 3265 l,
1083 3192 1123 3264 5,
1140 3185 1174 3250 in
1188 3184 1294 3249 Plinio
1306 3183 1428 3250 chiffle-

325 3290 412 3354 tiano
436 3305 560 3370 semper
582 3284 657 3369 (hoc
679 3286 908 3368 Dalecampum
932 3286 1041 3351 testari
1062 3287 1194 3368 Siligius
1216 3285 1312 3353 refert
1335 3286 1378 3352 ad
1397 3285 1428 3350 li·

324 3391 414 3456 brum
431 3410 519 3451 xxxv
534 3409 564 3470 p.
577 3387 715 3472 xxvm),
732 3387 817 3469 apud
833 3388 966 3452 Paulum
982 3389 1221 3472 epitomatorem
1236 3387 1324 3453 Festi
1340 3409 1371 3471 p.
1382 3393 1426 3456 54.

325 3489 483 3556 Asconius
506 3489 560 3571 qui
582 3488 662 3553 falso
679 3487 793 3553 dicitur
815 3487 856 3553 ad
879 3489 994 3553 librum
1016 3490 1049 3553 in
1064 3491 1197 3556 Verrem
1214 3513 1234 3568 1,
1246 3495 1287 3559 51
1312 3491 1371 3557 sed
1390 3493 1427 3556 ito

326 3591 522 3674 declinator,
539 3593 594 3656 hoc
610 3591 697 3656 dium
709 3640 717 3672 ,
730 3592 824 3655 lotos
836 3591 889 3656 dii
900 3598 969 3656 eto.
986 3592 1101 3657 Festus
1116 3612 1146 3676 p.
1164 3597 1233 3671 185,
1246 3595 1288 3659 27
1304 3593 1412 3657 Bruto
1420 3639 1427 3673 ,

325 3696 402 3781 quio
424 3696 568 3760 universi
587 3693 701 3758 mundi
719 3686 887 3776 sacerdos,
913 3697 972 3780 qui
991 3695 1149 3780 apellatur
1172 3694 1280 3758 dium.
1302 3693 1363 3761 sed
1383 3693 1429 3759 dio

324 3796 392 3862 sive
407 3796 480 3862 divo
496 3799 527 3860 et
542 3795 617 3878 dio,
634 3794 809 3880 sicutfreto
826 3801 857 3859 et
861 3797 978 3881 freto,
995 3794 1177 3868 dicuntura
1189 3796 1316 3861 duobus
1330 3795 1429 3871 rectis,

325 3916 408 3981 quae
430 3901 503 3962 sunt
525 3896 598 3961 dios
621 3900 652 3960 et
674 3896 801 3962 divom.
818 3902 988 3978 utmmque
1011 3903 1130 3962 rectum
1154 3899 1333 3964 oVorrone
1354 3896 1430 3962 indi·

324 4005 428 4064 catum
451 4002 527 4083 puto
550 3997 591 4061 de
614 3995 727 4078 lingua
749 3998 864 4062 Latina
887 3998 968 4063 libro
984 4020 1004 4060 v
1019 4018 1049 4080 p.
1065 4002 1125 4076 72,
1141 3997 1196 4062 ubi
1219 3998 1266 4062 sic
1281 3998 1430 4065 Florenti-

324 4121 385 4167 nus
407 4099 528 4165 codex.
544 4101 614 4164 Hoc
637 4098 720 4164 idem
739 4103 843 4187 inopis
856 4101 1000 4183 ¹ostendit
1016 4103 1180 4187 antiquius
1194 4101 1282 4166 Iovio
1303 4123 1430 4168 comeo:

322 4227 399 4268 corn
410 4203 484 4266 olim
497 4201 609 4265 Diovis
624 4214 652 4265 ct
665 4201 808 4288 Dispiter
819 4200 922 4266 dictos
935 4252 944 4283 ,
959 4201 997 4266 id
1007 4216 1051 4266 eet
1062 4203 1131 4268 dieo
1139 4216 1255 4288 pater.
1272 4228 1294 4267 a
1308 4228 1372 4290 quo
1386 4203 1434 4268 dei

326 4305 407 4370 dicti
414 4301 573 4388 qoe’o'nde,
587 4315 615 4366 et
627 4299 696 4367 dies
708 4316 736 4367 et
748 4300 855 4366 divum
869 4351 875 4364 .
892 4304 975 4369 uode
987 4305 1044 4368 sub
1057 4303 1129 4368 divo
1142 4302 1215 4367 dico
1226 4303 1345 4370 Fidius
1356 4329 1367 4370 .·
1378 4308 1430 4370 iro

323 4429 383 4493 que
391 4402 465 4469 inde
472 4404 539 4468 eico
538 4402 743 4489 perforatum
752 4417 861 4468 tectum
868 4453 877 4487 ,
892 4418 925 4468 ot
937 4430 974 4470 eo
983 4405 1130 4470 videatur
1140 4404 1262 4482 divum,
1274 4405 1366 4472 idest
1373 4431 1431 4472 coe

323 4509 408 4574 lum.
424 4502 626 4570 scribendum
643 4503 694 4567 aio
712 4518 740 4569 et
756 4503 829 4568 doleo
844 4519 872 4569 et
887 4505 1012 4588 divum,
1031 4525 1132 4589 eaque
1154 4505 1199 4570 ita
1218 4504 1432 4589 intellegendo

321 4615 357 4677 ut
372 4606 458 4674 dixi:
474 4624 549 4669 nom
570 4625 675 4689 neque
697 4604 730 4669 in
753 4604 826 4670 dios
842 4604 999 4671 adiectivo
1022 4607 1110 4673 notio
1128 4613 1261 4693 apparet
1283 4608 1350 4674 diei
1372 4609 1432 4676 rive

322 4709 424 4790 coeli,
440 4725 546 4794 neque
568 4706 641 4772 dius
663 4705 775 4772 Fidius
798 4706 984 4793 simpliciter
1006 4709 1079 4775 dim
1101 4710 1166 4775 dici
1187 4714 1314 4794 potest.
1331 4711 1432 4778 sinen
