3509 5442
851 561 896 628 IV
1364 564 1428 631 223

305 732 491 798 haeretica
523 731 652 798 Caelum
682 731 768 818 quod
795 731 912 797 dabitur
934 743 989 796 aer
1000 781 1009 813 ,
1030 735 1144 816 contra
1163 729 1428 797 consuetudinem

304 832 411 896 huius
435 837 571 916 poetae,
588 832 629 898 de
653 853 718 915 qua
739 833 791 914 egi
813 831 854 897 ad
877 832 992 896 librum
1008 854 1053 911 111,
1065 838 1116 901 94.

406 938 480 1001 142.
503 934 553 998 Er
577 956 764 1006 curusoun
786 931 1097 999 uonrronuneuu
1112 955 1278 998 verrens
1301 955 1338 996 ru
1361 955 1427 997 no·
1455 933 1458 938 ’

306 1057 407 1099 m.
425 1034 594 1118 Oblongus
609 1039 753 1102 cuiusce.
769 1036 912 1102 eiusdem
928 1040 1086 1100 corrector
1101 1056 1214 1118 cars,
1231 1034 1426 1101 rectissime.

309 1164 394 1204 orae
425 1137 512 1203 enim
541 1136 649 1202 ethic
677 1142 709 1202 et
733 1138 767 1202 in
793 1157 889 1202 versu
906 1142 966 1206 166
994 1142 1067 1202 sunt
1095 1137 1328 1216 extremitates,
1345 1155 1427 1218 quae

310 1259 428 1305 rerum
452 1237 652 1323 superficiem
667 1256 706 1304 ac
728 1239 867 1323 speciem
891 1238 1051 1303 efficiunt.
1071 1238 1115 1302 ita
1130 1238 1252 1303 Ennius
1274 1243 1305 1303 et
1318 1239 1430 1322 Vergi-

311 1341 382 1406 lius
404 1344 548 1429 inperitos
569 1341 646 1406 bella·
665 1367 739 1406 oras
754 1339 903 1405 dixerunt
917 1359 1041 1405 summa
1059 1340 1136 1404 belli
1150 1338 1355 1405 discrimina.
1371 1359 1428 1406 ne-

314 1462 383 1525 que
398 1443 493 1508 aliter
506 1443 608 1508 Varro
630 1440 672 1508 de
687 1441 799 1524 lingua
811 1442 929 1506 Latina
947 1442 1027 1506 libro
1043 1464 1100 1504 vm
1114 1462 1145 1525 p.
1158 1447 1221 1511 392
1236 1445 1286 1508 De
1301 1445 1428 1508 huiusce

314 1545 495 1631 multiplici
504 1557 623 1609 nutura
638 1543 875 1627 discriminum,
891 1543 953 1608 hoc
974 1549 1022 1608 est
1045 1542 1263 1609 discriminum
1287 1563 1305 1608 e
1327 1545 1428 1609 multi-

316 1645 396 1730 plici
419 1644 668 1711 declinationum
689 1651 803 1710 natura
824 1644 1069 1730 prodeuntium,
1086 1670 1160 1711 orae
1181 1660 1254 1710 auat
1275 1647 1429 1727 163,εοί-

316 1747 395 1814 licet
410 1753 553 1814 extrema
575 1752 606 1812 et
620 1766 764 1828 summa,
779 1748 813 1813 in
836 1767 920 1830 quae
936 1746 1042 1812 omnia
1057 1746 1141 1812 inter
1163 1765 1198 1811 se
1214 1746 1430 1814 diversissima

320 1856 461 1930 exeunt,
477 1875 535 1916 cur
557 1865 585 1917 et
606 1875 667 1936 quo
690 1865 719 1915 et
740 1875 830 1936 quem
846 1849 1014 1914 admodum
1036 1852 1072 1914 ia
1094 1848 1247 1934 loquendo
1270 1849 1429 1915 declinate

320 1967 395 2018 eum
416 1954 532 2018 amba.
548 1972 607 2017 nos
630 1952 672 2017 ad
694 1971 766 2017 eum
780 1950 919 2017 modum
939 1949 1073 2033 figurate
1091 1949 1226 2015 dicimus
1250 1953 1318 2016 eine
1336 1953 1428 2017 sache

321 2057 374 2120 bei
396 2055 459 2120 deu
485 2056 605 2143 aipfeia
622 2056 740 2142 fascea
751 2105 759 2137 ,
779 2052 864 2119 idem
885 2054 987 2119 Varro
1009 2051 1049 2117 de
1076 2073 1110 2118 re
1133 2052 1252 2118 rustica
1266 2074 1287 2130 1,
1300 2055 1427 2130 6256

322 2162 354 2222 et
375 2161 462 2236 20,5
485 2159 549 2221 tria
561 2157 692 2243 formae
704 2157 848 2243 fostrpie
869 2175 928 2238 pro
955 2154 1056 2220 tribus
1078 2154 1249 2237 generibus
1269 2153 1427 2218 definitis.

322 2257 364 2322 ad
385 2257 574 2323 nostratium
601 2259 681 2323 illud
703 2256 848 2340 proxime
870 2255 1027 2321 Caecilius
1049 2256 1167 2321 Statius
1189 2255 1275 2340 apud
1297 2257 1428 2322 Festum

321 2380 352 2442 p.
375 2363 447 2438 182,
463 2363 504 2427 22
532 2361 629 2426 Orem
654 2362 794 2446 reperire
821 2359 969 2441 nuliam,
993 2385 1087 2445 qaam
1115 2359 1305 2445 expediam,
1328 2383 1405 2445 queo
1417 2384 1429 2442 ,·

322 2481 408 2543 quae
430 2460 516 2529 docti
536 2463 620 2527 male
639 2466 852 2544 temptarunt,
874 2479 945 2524 cum
968 2461 1089 2526 Ennius
1115 2480 1242 2543 quoque
1265 2467 1296 2526 et
1316 2460 1429 2543 Vergi-

322 2562 386 2628 lius
408 2562 486 2628 belli
507 2581 580 2628 oras
604 2564 706 2629 evolvi
717 2559 873 2626 dixerint.

414 2669 483 2733 133.
506 2685 637 2734 sicma
651 2712 658 2726 .
673 2662 837 2728 Librarius
860 2663 1007 2747 quadrati
1028 2663 1164 2747 primum
1186 2663 1356 2747 scripserat
1368 2666 1428 2752 fa-

322 2791 393 2832 cere
404 2815 413 2848 ,
436 2785 509 2830 mox
532 2784 640 2832 errore
663 2765 884 2830 animadverso
907 2766 976 2849 ipse
999 2765 1153 2830 correxit.
1174 2764 1235 2829 hoc
1257 2766 1284 2831 si
1305 2772 1361 2831 aut
1382 2772 1429 2831 ta·
1464 2818 1469 2825 .
1544 2788 1547 2793 ’

323 2869 447 2934 cuisset
472 2873 527 2932 aut
554 2868 599 2931 ita
624 2873 659 2932 ut
685 2872 734 2932 est
755 2867 927 2932 rettulisset
948 2867 1186 2951 Havercampus
1208 2865 1303 2953 (dixit
1323 2874 1428 2934 autem

323 2970 445 3056 >faeere
459 2970 503 3034 Z.
521 2970 578 3035 sed
595 2968 784 3052 superscrib.
798 2968 946 3054 faerie’),
962 2967 1197 3033 Wakefieldum
1220 2968 1353 3051 eiusque
1374 2988 1429 3054 pe·

322 3069 478 3152 disequos
498 3069 532 3134 in
554 3089 683 3153 gravem
705 3088 843 3135 errorem
866 3090 931 3134 non
951 3069 1147 3135 induxisset.
1184 3082 1189 3092 ·

414 3177 484 3240 143.
507 3194 609 3243 ounu
643 3194 767 3236 rncmr
797 3194 840 3235 nr
868 3194 999 3235 sennar
1023 3193 1184 3236 nemone
1213 3194 1427 3237 onnnnrua.

322 3275 492 3356 Obiongus
507 3300 602 3360 quom
614 3275 739 3361 facile,
757 3275 931 3355 quadratus
946 3299 1027 3359 quoe
1038 3275 1160 3359 facili..
1175 3280 1242 3339 tum
1255 3273 1430 3339 Lambinus

323 3397 542 3454 susurrus,
558 3383 592 3441 ut
615 3395 712 3441 sanae
734 3375 848 3441 mentis
862 3375 1022 3439 hominem
1044 3375 1169 3454 decuit,
1186 3375 1341 3460 quidquid
1355 3375 1430 3440 Wa-

321 3477 480 3544 kefieldus
503 3484 533 3542 et
547 3477 703 3559 Forbiger
723 3478 900 3542 blaterant:
923 3475 975 3541 hic
996 3477 1080 3542 enim
1102 3485 1197 3562 poeta
1218 3477 1313 3557 docet
1334 3496 1429 3559 quam

321 3581 417 3646 facile
448 3584 480 3646 et
512 3579 657 3645 celeriter
686 3582 881 3666 papaaatur,
909 3599 982 3643 mox
1005 3584 1066 3649 176
1096 3600 1192 3662 quam
1221 3579 1316 3645 celeri
1342 3582 1429 3642 motu

312 3684 491 3771 feruutur.

412 3788 483 3852 144.
506 3804 698 3854 nursicus
722 3805 889 3847 crunni.
913 3786 990 3849 Post
1016 3783 1094 3847 haec
1119 3783 1218 3847 verba
1246 3781 1339 3845 deest
1366 3779 1430 3862 pri-

321 3905 410 3950 mum
425 3886 559 3971 Percrpe
572 3884 623 3949 vel
638 3885 837 3970 Erpediam,
853 3891 920 3950 tum
935 3885 1074 3968 paucula
1088 3903 1108 3947 a
1123 3883 1238 3965 quibus
1253 3879 1333 3946 illud
1348 3882 1430 3945 euim

322 3985 412 4068 quod
439 3987 589 4052 subicitur
610 3985 772 4071 pendeat.
794 4006 900 4069 neque
927 3993 1034 4051 tamen
1059 3985 1159 4049 ullum
1183 3983 1236 4051 hic
1263 3986 1297 4049 in
1320 3983 1430 4051 codice

321 4087 498 4171 archetypo
520 4088 661 4154 defectus
683 4086 835 4152 indicium
857 4086 957 4154 fuisse
972 4087 1215 4153 existimandum
1237 4093 1305 4166 est,
1321 4105 1430 4169 quam-

321 4188 370 4254 vis
386 4209 408 4253 a
421 4202 516 4254 versu
534 4194 592 4256 127
613 4208 715 4273 usque
731 4187 772 4252 ad
787 4192 849 4258 298
870 4190 934 4255 sint
948 4209 1060 4255 versus
1074 4194 1197 4254 tantum
1211 4189 1307 4255 modo
1323 4209 1431 4252 orxxn

322 4295 354 4354 et
373 4289 459 4355 tituli
478 4296 563 4371 tres,
580 4311 651 4356 cum
675 4295 794 4373 septem
809 4291 948 4373 paginae
961 4291 1106 4356 versibus
1122 4297 1267 4358 constent
1281 4312 1429 4356 cnxxxu:

322 4395 448 4475 septem
474 4397 579 4458 autem
605 4392 744 4475 paginae
773 4411 844 4456 esse
872 4392 1008 4470 debent,
1034 4392 1110 4475 quia
1134 4394 1297 4476 proximos
1319 4411 1430 4457 versus

321 4513 366 4555 nn
380 4496 552 4560 aee—347
574 4492 608 4556 in
637 4493 731 4558 unius
754 4492 961 4575 eiusdemque
989 4493 1125 4560 schedae
1146 4496 1273 4580 paginis
1294 4493 1430 4576 scriptos
1476 4487 1482 4499 ‘

321 4592 423 4659 fuisse
450 4613 509 4658 suo
537 4593 608 4658 loco
635 4593 678 4658 ad
704 4614 832 4660 versum
847 4598 909 4664 323
937 4595 1128 4660 declarabo.
1150 4617 1225 4661 nam
1250 4596 1285 4660 in
1312 4593 1430 4678 pagina

324 4713 444 4761 aversa
469 4694 608 4761 schedae
634 4695 728 4760 huius
759 4696 834 4761 libri
862 4703 993 4779 quartae
1019 4697 1146 4762 fuerunt
1172 4716 1284 4762 versus
1315 4699 1429 4777 poetae
