3509 5442
322 555 384 623 140
853 501 999 617 n¹

409 731 499 798 1130.
524 729 652 794 Donec
668 752 893 793 nnnsennnr.
909 726 1032 792 Nonius
1046 746 1077 810 p.
1089 729 1151 793 247
1168 728 1272 794 81248
1287 723 1428 789 Adolere

321 844 365 894 est
393 856 484 896 urere
496 880 503 894 .
517 875 602 884 --
620 832 764 916 adolere,
784 857 900 919 cupere
914 881 922 912 ‚
945 831 1098 893 houmere
1108 877 1117 909 ,
1129 829 1308 914 propitiare
1321 875 1329 890 .
1342 870 1428 878 —

321 931 516 1015 adolescere,
533 956 692 1017 crescere;
712 931 795 999 unde
817 932 1043 997 adulescentem
1070 928 1148 994 dubit
1169 926 1359 1014 (legendum
1379 931 1428 1007 est

321 1027 489 1114 dicimus).
510 1037 676 1100 [88881188
700 1037 751 1100 lib.
768 1056 791 1096 11
813 1035 959 1118 Denique
980 1030 1186 1097 adulescendi
1207 1054 1364 1095 summurn
1386 1042 1426 1093 te·

321 1135 418 1221 tipere
440 1160 587 1201 cacumen
608 1186 615 1200 .
636 1138 792 1201 Laberius
818 1136 853 1198 in
875 1133 1042 1199 Sororibus
1064 1134 1154 1197 Laus
1175 1134 1299 1196 nornine
1319 1132 1428 1218 pluria

320 1235 488 1301 adolescit.
503 1237 588 1301 hune
603 1236 731 1303 dedisse
746 1235 891 1300 existimo
906 1237 1053 1321 Denique
1075 1233 1252 1316 alescendi,
1268 1237 1301 1296 et
1314 1233 1426 1314 Laus,

320 1361 449 1420 888888,
463 1338 589 1425 pluria,
606 1340 733 1405 olescit.

408 1441 499 1507 1131.
522 1461 565 1503 nr
580 1463 700 1507 nosos
715 1464 890 1506 nonarum
903 1491 910 1505 .
925 1443 962 1506 In
976 1441 1057 1506 libro
1073 1461 1118 1517 111,
1135 1438 1216 1506 1017
1231 1438 1329 1503 robur
1341 1486 1349 1502 .
1360 1434 1426 1501 Me-

320 1538 429 1605 dioeus
450 1540 484 1604 in
505 1543 666 1609 Aeneidos
680 1567 723 1623 xr,
736 1550 798 1613 368
818 1547 933 1623 rubor,
949 1546 1041 1611 rotor
1059 1544 1221 1607 Romanus
1242 1538 1276 1602 in
1297 1537 1426 1620 georgi-

321 1659 380 1704 con
399 1664 444 1720 111,
462 1647 544 1713 235.
570 1645 733 1711 Charisius
750 1668 781 1729 p.
794 1652 835 1715 66
855 1645 897 1712 de
919 1644 1100 1718 nominibus
1126 1660 1209 1725 quae
1234 1664 1270 1705 cr
1297 1639 1425 1724 syllaba

319 1742 526 1811 terminantur
540 1748 710 1814 Praetereo
732 1762 760 1814 et
780 1750 941 1814 neutralia
963 1751 1057 1836 siqua
1071 1758 1162 1825 sunt,
1186 1756 1215 1807 et
1235 1744 1425 1808 1188888881-

316 1846 471 1930 piuntur,
487 1850 570 1914 uelut
581 1874 698 1937 aequor
710 1852 856 1936 aequoris
865 1900 874 1932 ‚
890 1875 1028 1915 marmor
1039 1848 1208 1913 marmoris
1213 1894 1221 1926 ‚
1237 1847 1331 1910 robor
1341 1845 1426 1908 roto

319 1947 375 2027 ris,
387 1947 467 2012 ador
479 1949 597 2016 odoris.
609 1949 721 2017 eadem
731 1952 846 2017 iterum
854 1971 885 2035 p.
894 1956 952 2021 95:
965 1951 1012 2016 sie
1022 1949 1108 2014 idem
1118 1967 1148 2030 p.
1159 1950 1197 2014 17
1210 1949 1307 2015 etas.
1320 1965 1425 2036 gram

319 2043 452 2113 matieus
474 2050 682 2117 Eichenfeldii
699 2075 729 2137 p.
748 2059 786 2122 91
811 2055 851 2118 In
874 2079 910 2118 or
931 2052 1109 2116 masculina
1130 2051 1235 2114 omnia
1256 2061 1351 2128 sunt,
1372 2071 1424 2112 ea·-

319 2151 415 2235 oeptis
432 2152 480 2216 tis
492 2155 592 2219 tribus
592 2155 765 2240 femininis
772 2204 780 2237 ,
793 2179 875 2219 aanor
884 2177 974 2220 soror
987 2154 1089 2234 arbor,
1098 2151 1201 2236 adque
1212 2174 1269 2215 sea
1277 2149 1427 2213 88818811·

320 2251 389 2332 bus,
401 2276 455 2317 eor
466 2277 583 2340 aequor
597 2277 737 2320 marmor
748 2255 827 2320 ador
846 2258 939 2319 robor
955 2255 1035 2319 ebor.
1047 2252 1171 2317 Phocus
1181 2249 1215 2315 in
1225 2256 1293 2315 arte
1303 2269 1336 2333 p.
1348 2253 1425 2318 1695

320 2356 564 2434 cruentastis,
581 2357 636 2421 lucc
652 2356 751 2439 ador,
771 2358 827 2421 lsoc
842 2381 999 2437 memor,
1016 2356 1070 2419 lucc
1086 2377 1222 2439 aequor,
1242 2353 1298 2416 lsoo
1313 2352 1425 2415 rotor.

319 2453 497 2535 Agroetius
511 2476 541 2540 p.
555 2460 639 2525 2269
657 2459 764 2522 Rubor
779 2459 893 2522 coloris
908 2471 971 2540 cst,
992 2456 1087 2521 robur
1101 2456 1246 2536 uirtutis3
1266 2453 1361 2517 robor
1375 2477 1425 2516 ar-

320 2556 424 2621 boris.
447 2564 558 2623 eontra
579 2556 794 2634 Quintilianus
818 2557 852 2622 in
874 2558 956 2624 libro
972 2581 992 2636 1,
1005 2563 1035 2634 6,
1048 2559 1090 2623 22
1113 2556 1188 2620 ebur
1214 2567 1242 2619 et
1263 2554 1361 2618 robur
1382 2555 1427 2618 ita

321 2657 407 2721 dicta
430 2683 467 2724 oc
489 2662 610 2746 scripta
631 2663 761 2725 summis
783 2663 963 2746 auctoribus
985 2656 1099 2722 tradit.

408 2763 499 2829 1135.
534 2762 658 2825 Pnunn
692 2783 794 2826 uono
825 2781 1025 2824 arsennarr
1058 2779 1101 2821 ur
1132 2777 1153 2820 n
1184 2757 1223 2819 sn
1256 2777 1427 2821 consona

319 2881 447 2922 nrrrrr
466 2909 473 2924 .
494 2864 666 2951 Dc‘sparpit
694 2862 877 2944 oblongus,
897 2861 982 2927 idem
1004 2881 1025 2926 a
1048 2862 1224 2925 correctore
1251 2858 1426 2946 daperqit,

320 2959 494 3043 quadratus
509 2963 659 3046 ambigue
682 2964 808 3049 syllaba
829 2983 887 3047 per
898 2990 922 3050 p
937 2962 1074 3028 litteram
1088 2957 1275 3044 perductam
1296 2964 1426 3024 notata.

320 3060 435 3128 deinde
458 3063 633 3145 quadratus
656 3080 683 3132 ct
703 3092 724 3131 a
743 3091 775 3131 sc
786 3116 794 3148 ‚
812 3065 971 3147 oblongus
986 3078 1073 3129 aetas
1089 3087 1104 3128 e
1115 3087 1127 3145 ,·
1147 3059 1233 3143 quod
1254 3080 1311 3125 cur
1333 3073 1362 3126 ct
1383 3082 1427 3123 ns

319 3188 352 3228 se
364 3163 567 3229 scribendum
583 3165 623 3230 sit
638 3165 680 3230 ad
690 3166 805 3231 librum
821 3189 863 3243 vr,
876 3170 939 3235 925
951 3184 1129 3249 exponam.
1146 3160 1203 3228 sed
1213 3162 1324 3244 nodo,
1341 3158 1427 3242 quod

318 3264 475 3330 Lambino
497 3264 679 3349 displicuit,
696 3268 871 3333 sententiae
895 3267 1012 3351 optime
1035 3264 1183 3332 eonvenit
1195 3288 1202 3328 :
1215 3268 1264 3329 est
1285 3262 1371 3327 enim
1386 3260 1428 3325 ad

317 3365 375 3430 illa
396 3365 600 3433 referendum
616 3388 699 3450 quae
713 3374 975 3453 praecesserunt,
995 3370 1142 3454 auprninc
1157 3366 1321 3452 adempto,
1342 3361 1428 3446 quod

319 3473 476 3532 corrector
498 3469 629 3551 oblongi
654 3490 720 3534 non
740 3476 826 3536 reete
847 3468 923 3536 feeit
948 3461 1080 3555 adepto.
1097 3474 1128 3533 et
1150 3466 1277 3532 Reinius
1299 3465 1343 3530 ad
1363 3465 1427 3529 Ru-

318 3568 448 3634 dentem
479 3570 659 3637 observavit
680 3571 829 3636 Plautum
855 3570 1047 3652 aliquotiens
1073 3570 1164 3636 nodo
1185 3567 1342 3652 producta
1363 3565 1428 3650 syl-

318 3671 394 3737 laba
408 3672 584 3755 posteriore
600 3672 718 3737 dixisse
734 3670 1001 3759 (videAsinariae
1016 3672 1148 3755 probb,
1165 3669 1270 3736 Aulul.
1286 3691 1321 3748 11,
1333 3672 1364 3748 2,
1375 3672 1427 3745 62,

318 3771 436 3838 Pseud.
453 3779 530 3851 n‚*3‚
542 3762 604 3851 aa,
620 3775 716 3840 Poen.
733 3797 754 3853 1,
766 3778 796 3853 2,
811 3774 863 3861 7),
881 3779 977 3856 atque
998 3773 1060 3839 hoe
1080 3771 1165 3838 idem
1186 3775 1313 3856 politam
1336 3769 1428 3835 Oeta-

316 3873 390 3940 riae
406 3893 519 3939 ausum
536 3893 607 3939 esse
621 3895 716 3940 versu
731 3879 814 3943 273.
829 3876 863 3940 in
880 3895 944 3958 qua
964 3894 998 3939 re
1014 3893 1207 3958 quamquam
1222 3870 1428 3937 memorabile

318 3980 367 4040 est
395 3995 437 4041 ne
459 3975 616 4042 Senecam
638 3976 769 4060 quidem
798 3982 853 4041 aut
879 3976 977 4042 alium
997 3975 1126 4040 illorum
1154 3980 1331 4059 temporum
1353 3978 1450 4056 poe

318 4082 404 4155 tam,
428 4097 499 4142 oum
521 4096 629 4143 reram
652 4103 669 4144 o
690 4078 816 4144 litterae
839 4079 1047 4161 quantitatem
1074 4095 1173 4159 saepe
1197 4075 1427 4157 neglegerent,

318 4196 490 4262 peccasse,
515 4183 588 4243 sunt
613 4185 719 4245 tamen
746 4179 829 4246 inter
851 4187 975 4248 veteres
1000 4185 1076 4265 post
1096 4178 1272 4256 Plautum,
1292 4184 1427 4260 qnorum

319 4277 504 4345 anctoritate
520 4277 651 4346 eredere
667 4281 828 4366 possimus
843 4281 1028 4348 Lucretium
1051 4285 1082 4346 et
1103 4279 1155 4345 bie
1177 4283 1208 4344 81
1222 4297 1321 4361 supra
1334 4296 1427 4342 versu

320 4385 381 4450 941
399 4386 431 4445 et
444 4379 579 4446 fortasse
598 4381 633 4445 in
647 4405 690 4461 rr,
705 4387 783 4452 1181
801 4383 891 4449 modo
906 4382 1117 4466 produxisse.
1132 4379 1300 4447 Terentius
1314 4378 1350 4443 in
1364 4379 1427 4446 He·

321 4503 398 4568 cyra
412 4504 442 4562 v,
455 4486 486 4566 3,
498 4486 539 4549 32
555 4484 639 4548 auu
660 4486 735 4549 liaeo
750 4484 893 4571 eopnooit
907 4486 1079 4571 Myrrhina
1098 4484 1135 4549 in
1154 4482 1253 4570 dipito
1268 4481 1360 4547 888818
1381 4505 1427 4545 roe

319 4587 468 4653 mente:
482 4588 570 4650 reete
590 4583 674 4649 enim
693 4582 859 4651 Bentleius
881 4583 1021 4650 editione
1042 4583 1185 4650 secunda
1205 4584 1355 4667 1818818,
1371 4580 1427 4648 sed

318 4689 394 4760 loeo
415 4705 591 4775 pronomen
612 4684 646 4752 in
667 4686 765 4753 alium
785 4686 892 4768 lesam
911 4685 1045 4774 haltere
1066 4686 1145 4774 nibil
1166 4704 1249 4774 opus
1272 4689 1341 4767 881,
1357 4704 1427 4766 oum
