<?xml version="1.0" encoding="UTF-8"?>
<!DOCTYPE html PUBLIC "-//W3C//DTD XHTML 1.0 Transitional//EN"
    "http://www.w3.org/TR/xhtml1/DTD/xhtml1-transitional.dtd">
<html xmlns="http://www.w3.org/1999/xhtml" xml:lang="en" lang="en">
 <head>
  <title>
</title>
<meta http-equiv="Content-Type" content="text/html;charset=utf-8" />
  <meta name='ocr-system' content='tesseract 3.04.00' />
  <meta name='ocr-capabilities' content='ocr_page ocr_carea ocr_par ocr_line ocrx_word'/>
</head>
<body>
  <div class='ocr_page' id='page_1' title='image "./carolilachmanni00lachgoog_0014.png"; bbox 0 0 3509 5442; ppageno 0'>
   <div class='ocr_carea' id='block_1_1' title="bbox 396 577 1024 640">
    <p class='ocr_par' dir='ltr' id='par_1_1' title="bbox 396 577 1024 640">
     <span class='ocr_line' id='line_1_1' title="bbox 396 577 1024 640; baseline -0.01 -8"><span class='ocrx_word' id='word_1_1' title='bbox 396 577 416 640; x_wconf 88' lang='lat'>8</span> <span class='ocrx_word' id='word_1_2' title='bbox 870 584 1024 628; x_wconf 79' lang='lat' dir='ltr'>nncnnsm</span> 
     </span>
    </p>
   </div>
   <div class='ocr_carea' id='block_1_2' title="bbox 351 730 1558 4794">
    <p class='ocr_par' dir='ltr' id='par_1_2' title="bbox 351 730 1558 4794">
     <span class='ocr_line' id='line_1_2' title="bbox 396 730 1510 820; baseline -0.004 -16"><span class='ocrx_word' id='word_1_3' title='bbox 396 739 547 816; x_wconf 91' lang='lat' dir='ltr'>librario,</span> <span class='ocrx_word' id='word_1_4' title='bbox 570 738 631 803; x_wconf 90' lang='lat' dir='ltr'>nisi</span> <span class='ocrx_word' id='word_1_5' title='bbox 661 735 786 820; x_wconf 88' lang='lat' dir='ltr'>species</span> <span class='ocrx_word' id='word_1_6' title='bbox 811 732 913 810; x_wconf 84' lang='lat' dir='ltr'>fallit,</span> <span class='ocrx_word' id='word_1_7' title='bbox 937 731 1118 807; x_wconf 84' lang='lat' dir='ltr'>Germano,</span> <span class='ocrx_word' id='word_1_8' title='bbox 1143 730 1270 796; x_wconf 92' lang='lat' dir='ltr'>schedis</span> <span class='ocrx_word' id='word_1_9' title='bbox 1297 749 1428 795; x_wconf 86' lang='lat' dir='ltr'>numero</span> <span class='ocrx_word' id='word_1_10' title='bbox 1445 736 1510 812; x_wconf 82' lang='lat'>69,</span> 
     </span>
     <span class='ocr_line' id='line_1_3' title="bbox 398 832 1509 925; baseline -0.008 -22"><span class='ocrx_word' id='word_1_11' title='bbox 398 840 523 925; x_wconf 80' lang='lat' dir='ltr'>paginis</span> <span class='ocrx_word' id='word_1_12' title='bbox 538 839 696 922; x_wconf 81' lang='lat' dir='ltr'>bipertitis</span> <span class='ocrx_word' id='word_1_13' title='bbox 711 838 757 901; x_wconf 91' lang='lat' dir='ltr'>ita</span> <span class='ocrx_word' id='word_1_14' title='bbox 770 841 806 899; x_wconf 93' lang='lat' dir='ltr'>ut</span> <span class='ocrx_word' id='word_1_15' title='bbox 819 834 852 898; x_wconf 94' lang='lat' dir='ltr'>in</span> <span class='ocrx_word' id='word_1_16' title='bbox 863 833 999 915; x_wconf 91' lang='lat' dir='ltr'>singulis</span> <span class='ocrx_word' id='word_1_17' title='bbox 1010 832 1172 897; x_wconf 90' lang='lat' dir='ltr'>latereulis</span> <span class='ocrx_word' id='word_1_18' title='bbox 1188 833 1251 896; x_wconf 91' lang='lat' dir='ltr'>sint</span> <span class='ocrx_word' id='word_1_19' title='bbox 1264 852 1375 896; x_wconf 89' lang='lat' dir='ltr'>versus</span> <span class='ocrx_word' id='word_1_20' title='bbox 1387 855 1509 906; x_wconf 77' lang='lat' dir='ltr'>xxvm,</span> 
     </span>
     <span class='ocr_line' id='line_1_4' title="bbox 397 935 1558 1017; baseline -0.006 -11"><span class='ocrx_word' id='word_1_21' title='bbox 397 942 492 1006; x_wconf 93' lang='lat' dir='ltr'>huius</span> <span class='ocrx_word' id='word_1_22' title='bbox 508 961 773 1004; x_wconf 76' lang='lat' dir='ltr'>coanncnoans</span> <span class='ocrx_word' id='word_1_23' title='bbox 789 936 916 1000; x_wconf 75' lang='lat' dir='ltr'>filerunt</span> <span class='ocrx_word' id='word_1_24' title='bbox 931 935 1129 1017; x_wconf 76' lang='lat' dir='ltr'>complures,</span> <span class='ocrx_word' id='word_1_25' title='bbox 1146 953 1256 998; x_wconf 91' lang='lat' dir='ltr'>omnes</span> <span class='ocrx_word' id='word_1_26' title='bbox 1272 935 1393 999; x_wconf 87' lang='lat' dir='ltr'>saeculi</span> <span class='ocrx_word' id='word_1_27' title='bbox 1410 935 1512 1016; x_wconf 89' lang='lat' dir='ltr'>quinti</span> <span class='ocrx_word' id='word_1_28' title='bbox 1557 972 1558 977; x_wconf 21' lang='grc' dir='ltr'><strong>κ</strong></span> 
     </span>
     <span class='ocr_line' id='line_1_5' title="bbox 399 1035 1512 1124; baseline -0.005 -18"><span class='ocrx_word' id='word_1_29' title='bbox 399 1041 528 1120; x_wconf 85' lang='lat' dir='ltr'>decimi3</span> <span class='ocrx_word' id='word_1_30' title='bbox 553 1062 687 1124; x_wconf 88' lang='lat' dir='ltr'>quorum</span> <span class='ocrx_word' id='word_1_31' title='bbox 714 1045 820 1102; x_wconf 87' lang='lat' dir='ltr'>tamen</span> <span class='ocrx_word' id='word_1_32' title='bbox 845 1038 953 1101; x_wconf 90' lang='lat' dir='ltr'>nullus</span> <span class='ocrx_word' id='word_1_33' title='bbox 980 1036 1043 1100; x_wconf 88' lang='lat' dir='ltr'>alio</span> <span class='ocrx_word' id='word_1_34' title='bbox 1066 1035 1239 1117; x_wconf 84' lang='lat' dir='ltr'>exemplari</span> <span class='ocrx_word' id='word_1_35' title='bbox 1265 1056 1342 1101; x_wconf 93' lang='lat' dir='ltr'>usus</span> <span class='ocrx_word' id='word_1_36' title='bbox 1370 1055 1443 1100; x_wconf 91' lang='lat' dir='ltr'>esse</span> <span class='ocrx_word' id='word_1_37' title='bbox 1467 1037 1512 1100; x_wconf 90' lang='lat' dir='ltr'>vi-</span> 
     </span>
     <span class='ocr_line' id='line_1_6' title="bbox 400 1124 1513 1224; baseline -0.004 -17"><span class='ocrx_word' id='word_1_38' title='bbox 400 1143 511 1221; x_wconf 88' lang='lat' dir='ltr'>detur,</span> <span class='ocrx_word' id='word_1_39' title='bbox 536 1143 597 1208; x_wconf 92' lang='lat' dir='ltr'>nisi</span> <span class='ocrx_word' id='word_1_40' title='bbox 620 1141 706 1224; x_wconf 91' lang='lat' dir='ltr'>quod</span> <span class='ocrx_word' id='word_1_41' title='bbox 721 1159 804 1203; x_wconf 90' lang='lat' dir='ltr'>unus</span> <span class='ocrx_word' id='word_1_42' title='bbox 819 1139 936 1204; x_wconf 90' lang='lat' dir='ltr'>ceteris</span> <span class='ocrx_word' id='word_1_43' title='bbox 951 1124 1109 1204; x_wconf 89' lang='lat' dir='ltr'>recentior</span> <span class='ocrx_word' id='word_1_44' title='bbox 1130 1142 1202 1220; x_wconf 92' lang='lat' dir='ltr'>post</span> <span class='ocrx_word' id='word_1_45' title='bbox 1223 1136 1295 1200; x_wconf 85' lang='lat' dir='ltr'>libri</span> <span class='ocrx_word' id='word_1_46' title='bbox 1319 1137 1418 1219; x_wconf 88' lang='lat' dir='ltr'>quinti</span> <span class='ocrx_word' id='word_1_47' title='bbox 1441 1157 1513 1202; x_wconf 86' lang='lat' dir='ltr'>ver·</span> 
     </span>
     <span class='ocr_line' id='line_1_7' title="bbox 400 1238 1511 1323; baseline -0.007 -14"><span class='ocrx_word' id='word_1_48' title='bbox 400 1265 470 1309; x_wconf 90' lang='lat' dir='ltr'>sum</span> <span class='ocrx_word' id='word_1_49' title='bbox 486 1249 548 1311; x_wconf 79' lang='lat'>927</span> <span class='ocrx_word' id='word_1_50' title='bbox 576 1244 656 1308; x_wconf 88' lang='lat' dir='ltr'>haec</span> <span class='ocrx_word' id='word_1_51' title='bbox 679 1241 867 1323; x_wconf 86' lang='lat' dir='ltr'>adscripsit,</span> <span class='ocrx_word' id='word_1_52' title='bbox 892 1240 1031 1303; x_wconf 84' lang='lat' dir='ltr'>&#39;Desunt</span> <span class='ocrx_word' id='word_1_53' title='bbox 1056 1259 1167 1305; x_wconf 90' lang='lat' dir='ltr'>versus</span> <span class='ocrx_word' id='word_1_54' title='bbox 1183 1245 1248 1308; x_wconf 76' lang='lat'>62.</span> <span class='ocrx_word' id='word_1_55' title='bbox 1270 1239 1341 1306; x_wconf 90' lang='lat' dir='ltr'>Nisi</span> <span class='ocrx_word' id='word_1_56' title='bbox 1362 1238 1511 1304; x_wconf 86' lang='lat' dir='ltr'>traiecti.</span> 
     </span>
     <span class='ocr_line' id='line_1_8' title="bbox 400 1341 1512 1425; baseline -0.004 -17"><span class='ocrx_word' id='word_1_57' title='bbox 400 1344 465 1408; x_wconf 86' lang='lat' dir='ltr'>Sed</span> <span class='ocrx_word' id='word_1_58' title='bbox 479 1344 579 1408; x_wconf 89' lang='lat' dir='ltr'>habes</span> <span class='ocrx_word' id='word_1_59' title='bbox 601 1343 677 1406; x_wconf 83' lang='lat' dir='ltr'>solio</span> <span class='ocrx_word' id='word_1_60' title='bbox 694 1341 900 1425; x_wconf 84' lang='lat' dir='ltr'>penultimo&#39;3</span> <span class='ocrx_word' id='word_1_61' title='bbox 925 1341 978 1422; x_wconf 94' lang='lat' dir='ltr'>qui</span> <span class='ocrx_word' id='word_1_62' title='bbox 1005 1360 1046 1405; x_wconf 91' lang='lat' dir='ltr'>ne</span> <span class='ocrx_word' id='word_1_63' title='bbox 1068 1341 1183 1406; x_wconf 84' lang='lat' dir='ltr'>laisum</span> <span class='ocrx_word' id='word_1_64' title='bbox 1201 1342 1328 1424; x_wconf 91' lang='lat' dir='ltr'>quidem</span> <span class='ocrx_word' id='word_1_65' title='bbox 1345 1360 1512 1404; x_wconf 91' lang='lat' dir='ltr'>numerum</span> 
     </span>
     <span class='ocr_line' id='line_1_9' title="bbox 401 1441 1512 1529; baseline -0.004 -21"><span class='ocrx_word' id='word_1_66' title='bbox 401 1444 495 1529; x_wconf 89' lang='lat' dir='ltr'>(sunt</span> <span class='ocrx_word' id='word_1_67' title='bbox 516 1444 598 1507; x_wconf 94' lang='lat' dir='ltr'>enim</span> <span class='ocrx_word' id='word_1_68' title='bbox 618 1442 803 1528; x_wconf 81' lang='lat' dir='ltr'>versusnn)</span> <span class='ocrx_word' id='word_1_69' title='bbox 824 1443 931 1508; x_wconf 92' lang='lat' dir='ltr'>dicere</span> <span class='ocrx_word' id='word_1_70' title='bbox 956 1441 1057 1525; x_wconf 92' lang='lat' dir='ltr'>potuit</span> <span class='ocrx_word' id='word_1_71' title='bbox 1077 1441 1147 1506; x_wconf 91' lang='lat' dir='ltr'>sine</span> <span class='ocrx_word' id='word_1_72' title='bbox 1170 1443 1232 1506; x_wconf 91' lang='lat' dir='ltr'>alio</span> <span class='ocrx_word' id='word_1_73' title='bbox 1253 1443 1354 1507; x_wconf 90' lang='lat' dir='ltr'>libro.</span> <span class='ocrx_word' id='word_1_74' title='bbox 1372 1448 1512 1506; x_wconf 89' lang='lat' dir='ltr'>ceterum</span> 
     </span>
     <span class='ocr_line' id='line_1_10' title="bbox 401 1542 1514 1627; baseline -0.001 -20"><span class='ocrx_word' id='word_1_75' title='bbox 401 1545 486 1607; x_wconf 92' lang='lat' dir='ltr'>hunc</span> <span class='ocrx_word' id='word_1_76' title='bbox 513 1545 649 1609; x_wconf 91' lang='lat' dir='ltr'>eundern</span> <span class='ocrx_word' id='word_1_77' title='bbox 675 1544 792 1609; x_wconf 91' lang='lat' dir='ltr'>librum</span> <span class='ocrx_word' id='word_1_78' title='bbox 819 1544 1028 1627; x_wconf 89' lang='lat' dir='ltr'>quadratum,</span> <span class='ocrx_word' id='word_1_79' title='bbox 1056 1552 1129 1608; x_wconf 91' lang='lat' dir='ltr'>ante</span> <span class='ocrx_word' id='word_1_80' title='bbox 1157 1564 1252 1626; x_wconf 86' lang='lat' dir='ltr'>quam</span> <span class='ocrx_word' id='word_1_81' title='bbox 1279 1542 1437 1607; x_wconf 84' lang='lat' dir='ltr'>Gerhardi</span> <span class='ocrx_word' id='word_1_82' title='bbox 1464 1544 1514 1606; x_wconf 94' lang='lat' dir='ltr'>Io-</span> 
     </span>
     <span class='ocr_line' id='line_1_11' title="bbox 403 1643 1514 1727; baseline -0.001 -19"><span class='ocrx_word' id='word_1_83' title='bbox 403 1645 518 1710; x_wconf 88' lang='lat' dir='ltr'>hannis</span> <span class='ocrx_word' id='word_1_84' title='bbox 546 1646 654 1712; x_wconf 90' lang='lat' dir='ltr'>Vossii</span> <span class='ocrx_word' id='word_1_85' title='bbox 680 1646 788 1723; x_wconf 90' lang='lat' dir='ltr'>fieret,</span> <span class='ocrx_word' id='word_1_86' title='bbox 816 1664 834 1710; x_wconf 91' lang='lat' dir='ltr'>c</span> <span class='ocrx_word' id='word_1_87' title='bbox 860 1645 1014 1710; x_wconf 92' lang='lat' dir='ltr'>coenobio</span> <span class='ocrx_word' id='word_1_88' title='bbox 1043 1646 1151 1711; x_wconf 77' lang='lat' dir='ltr'>Sancti</span> <span class='ocrx_word' id='word_1_89' title='bbox 1178 1644 1316 1720; x_wconf 91' lang='lat' dir='ltr'>Bertini,</span> <span class='ocrx_word' id='word_1_90' title='bbox 1345 1643 1430 1727; x_wconf 92' lang='lat' dir='ltr'>quod</span> <span class='ocrx_word' id='word_1_91' title='bbox 1467 1649 1514 1707; x_wconf 93' lang='lat' dir='ltr'>est</span> 
     </span>
     <span class='ocr_line' id='line_1_12' title="bbox 399 1745 1513 1831; baseline -0.001 -22"><span class='ocrx_word' id='word_1_92' title='bbox 399 1767 499 1830; x_wconf 93' lang='lat' dir='ltr'>prope</span> <span class='ocrx_word' id='word_1_93' title='bbox 524 1748 676 1831; x_wconf 88' lang='lat' dir='ltr'>oppidum</span> <span class='ocrx_word' id='word_1_94' title='bbox 698 1747 807 1812; x_wconf 82' lang='lat' dir='ltr'>Sancti</span> <span class='ocrx_word' id='word_1_95' title='bbox 831 1745 1027 1823; x_wconf 85' lang='lat' dir='ltr'>Andomari,</span> <span class='ocrx_word' id='word_1_96' title='bbox 1050 1747 1207 1811; x_wconf 86' lang='lat' dir='ltr'>Lutetiam</span> <span class='ocrx_word' id='word_1_97' title='bbox 1230 1746 1361 1809; x_wconf 92' lang='lat' dir='ltr'>missum</span> <span class='ocrx_word' id='word_1_98' title='bbox 1377 1745 1513 1809; x_wconf 80' lang='lat' dir='ltr'>Hadria</span> 
     </span>
     <span class='ocr_line' id='line_1_13' title="bbox 402 1845 1514 1930; baseline -0.004 -18"><span class='ocrx_word' id='word_1_99' title='bbox 402 1870 462 1913; x_wconf 92' lang='lat' dir='ltr'>nus</span> <span class='ocrx_word' id='word_1_100' title='bbox 477 1850 645 1914; x_wconf 85' lang='lat' dir='ltr'>Turnebus</span> <span class='ocrx_word' id='word_1_101' title='bbox 667 1867 768 1930; x_wconf 93' lang='lat' dir='ltr'>usque</span> <span class='ocrx_word' id='word_1_102' title='bbox 791 1846 833 1911; x_wconf 87' lang='lat' dir='ltr'>ad</span> <span class='ocrx_word' id='word_1_103' title='bbox 855 1847 971 1912; x_wconf 93' lang='lat' dir='ltr'>librum</span> <span class='ocrx_word' id='word_1_104' title='bbox 988 1854 1111 1912; x_wconf 80' lang='lat' dir='ltr'>sextum</span> <span class='ocrx_word' id='word_1_105' title='bbox 1134 1849 1232 1925; x_wconf 87' lang='lat' dir='ltr'>satis,</span> <span class='ocrx_word' id='word_1_106' title='bbox 1249 1854 1284 1910; x_wconf 92' lang='lat' dir='ltr'>ut</span> <span class='ocrx_word' id='word_1_107' title='bbox 1305 1846 1449 1923; x_wconf 89' lang='lat' dir='ltr'>videtur,</span> <span class='ocrx_word' id='word_1_108' title='bbox 1467 1845 1514 1908; x_wconf 93' lang='lat' dir='ltr'>di·</span> 
     </span>
     <span class='ocr_line' id='line_1_14' title="bbox 400 1946 1515 2032; baseline -0.002 -19"><span class='ocrx_word' id='word_1_109' title='bbox 400 1950 535 2032; x_wconf 88' lang='lat' dir='ltr'>ligenter</span> <span class='ocrx_word' id='word_1_110' title='bbox 558 1949 699 2015; x_wconf 82' lang='lat' dir='ltr'>excussit</span> <span class='ocrx_word' id='word_1_111' title='bbox 721 1955 752 2012; x_wconf 93' lang='lat' dir='ltr'>et</span> <span class='ocrx_word' id='word_1_112' title='bbox 774 1954 924 2032; x_wconf 85' lang='lat' dir='ltr'>excerpta</span> <span class='ocrx_word' id='word_1_113' title='bbox 952 1970 1011 2014; x_wconf 86' lang='lat' dir='ltr'>sua</span> <span class='ocrx_word' id='word_1_114' title='bbox 1032 1949 1189 2032; x_wconf 89' lang='lat' dir='ltr'>Dionysio</span> <span class='ocrx_word' id='word_1_115' title='bbox 1213 1947 1372 2013; x_wconf 88' lang='lat' dir='ltr'>Lambinc</span> <span class='ocrx_word' id='word_1_116' title='bbox 1394 1946 1515 2012; x_wconf 89' lang='lat' dir='ltr'>utenda</span> 
     </span>
     <span class='ocr_line' id='line_1_15' title="bbox 403 2048 1515 2116; baseline -0.004 0"><span class='ocrx_word' id='word_1_117' title='bbox 403 2051 580 2116; x_wconf 88' lang='lat' dir='ltr'>concessit.</span> <span class='ocrx_word' id='word_1_118' title='bbox 597 2049 728 2113; x_wconf 91' lang='lat' dir='ltr'>alterius</span> <span class='ocrx_word' id='word_1_119' title='bbox 752 2049 872 2114; x_wconf 88' lang='lat' dir='ltr'>codicis</span> <span class='ocrx_word' id='word_1_120' title='bbox 893 2073 987 2113; x_wconf 80' lang='lat' dir='ltr'>serm</span> <span class='ocrx_word' id='word_1_121' title='bbox 995 2074 1065 2114; x_wconf 75' lang='lat' dir='ltr'>nnn</span> <span class='ocrx_word' id='word_1_122' title='bbox 1088 2055 1160 2115; x_wconf 91' lang='lat' dir='ltr'>octo</span> <span class='ocrx_word' id='word_1_123' title='bbox 1176 2050 1323 2114; x_wconf 87' lang='lat' dir='ltr'>Hauniec</span> <span class='ocrx_word' id='word_1_124' title='bbox 1344 2049 1377 2112; x_wconf 91' lang='lat' dir='ltr'>in</span> <span class='ocrx_word' id='word_1_125' title='bbox 1399 2048 1515 2112; x_wconf 94' lang='lat' dir='ltr'>biblio·</span> 
     </span>
     <span class='ocr_line' id='line_1_16' title="bbox 401 2150 1514 2233; baseline -0.002 -18"><span class='ocrx_word' id='word_1_126' title='bbox 401 2151 494 2217; x_wconf 90' lang='lat' dir='ltr'>theca</span> <span class='ocrx_word' id='word_1_127' title='bbox 524 2152 616 2233; x_wconf 89' lang='lat' dir='ltr'>regia</span> <span class='ocrx_word' id='word_1_128' title='bbox 641 2150 870 2229; x_wconf 83' lang='lat' dir='ltr'>adservantur,</span> <span class='ocrx_word' id='word_1_129' title='bbox 893 2151 1003 2217; x_wconf 89' lang='lat' dir='ltr'>decem</span> <span class='ocrx_word' id='word_1_130' title='bbox 1031 2152 1240 2218; x_wconf 89' lang='lat' dir='ltr'>Vindobonae</span> <span class='ocrx_word' id='word_1_131' title='bbox 1273 2152 1306 2215; x_wconf 93' lang='lat' dir='ltr'>in</span> <span class='ocrx_word' id='word_1_132' title='bbox 1334 2151 1514 2215; x_wconf 83' lang='lat' dir='ltr'>Caesarea·</span> 
     </span>
     <span class='ocr_line' id='line_1_17' title="bbox 404 2251 1517 2338; baseline 0 -23"><span class='ocrx_word' id='word_1_133' title='bbox 404 2252 605 2316; x_wconf 89' lang='lat' dir='ltr'>Haunienses</span> <span class='ocrx_word' id='word_1_134' title='bbox 629 2251 726 2329; x_wconf 91' lang='lat' dir='ltr'>olim,</span> <span class='ocrx_word' id='word_1_135' title='bbox 752 2272 821 2315; x_wconf 86' lang='lat' dir='ltr'>cum</span> <span class='ocrx_word' id='word_1_136' title='bbox 839 2254 996 2338; x_wconf 85' lang='lat' dir='ltr'>Gottorpii</span> <span class='ocrx_word' id='word_1_137' title='bbox 1020 2260 1146 2332; x_wconf 80' lang='lat' dir='ltr'>essent,</span> <span class='ocrx_word' id='word_1_138' title='bbox 1162 2253 1373 2336; x_wconf 87' lang='lat' dir='ltr'>Marquardus</span> <span class='ocrx_word' id='word_1_139' title='bbox 1389 2251 1517 2316; x_wconf 85' lang='lat' dir='ltr'>Gudius</span> 
     </span>
     <span class='ocr_line' id='line_1_18' title="bbox 402 2352 1517 2440; baseline 0.001 -23"><span class='ocrx_word' id='word_1_140' title='bbox 402 2352 561 2430; x_wconf 85' lang='lat' dir='ltr'>excussit,</span> <span class='ocrx_word' id='word_1_141' title='bbox 586 2353 676 2417; x_wconf 92' lang='lat' dir='ltr'>cuius</span> <span class='ocrx_word' id='word_1_142' title='bbox 699 2373 797 2416; x_wconf 87' lang='lat' dir='ltr'>manu</span> <span class='ocrx_word' id='word_1_143' title='bbox 819 2354 913 2419; x_wconf 86' lang='lat' dir='ltr'>factis</span> <span class='ocrx_word' id='word_1_144' title='bbox 929 2354 1109 2440; x_wconf 80' lang='lat' dir='ltr'>excerptis,</span> <span class='ocrx_word' id='word_1_145' title='bbox 1133 2355 1313 2438; x_wconf 90' lang='lat' dir='ltr'>quaemihi</span> <span class='ocrx_word' id='word_1_146' title='bbox 1338 2352 1517 2418; x_wconf 80' lang='lat' dir='ltr'>eGuelfer-</span> 
     </span>
     <span class='ocr_line' id='line_1_19' title="bbox 402 2455 1517 2538; baseline 0.002 -20"><span class='ocrx_word' id='word_1_147' title='bbox 402 2456 521 2538; x_wconf 89' lang='lat' dir='ltr'>bytana</span> <span class='ocrx_word' id='word_1_148' title='bbox 547 2455 741 2519; x_wconf 89' lang='lat' dir='ltr'>bibliotheca</span> <span class='ocrx_word' id='word_1_149' title='bbox 769 2456 903 2521; x_wconf 83' lang='lat' dir='ltr'>Carolus</span> <span class='ocrx_word' id='word_1_150' title='bbox 932 2457 1193 2522; x_wconf 79' lang='lat' dir='ltr'>Schbnemannus</span> <span class='ocrx_word' id='word_1_151' title='bbox 1219 2456 1413 2522; x_wconf 88' lang='lat' dir='ltr'>amicissime</span> <span class='ocrx_word' id='word_1_152' title='bbox 1441 2477 1517 2521; x_wconf 91' lang='lat' dir='ltr'>con-</span> 
     </span>
     <span class='ocr_line' id='line_1_20' title="bbox 404 2556 1518 2640; baseline 0.001 -20"><span class='ocrx_word' id='word_1_153' title='bbox 404 2561 562 2633; x_wconf 87' lang='lat' dir='ltr'>cesserat,</span> <span class='ocrx_word' id='word_1_154' title='bbox 579 2556 626 2621; x_wconf 91' lang='lat' dir='ltr'>uti</span> <span class='ocrx_word' id='word_1_155' title='bbox 648 2557 735 2620; x_wconf 91' lang='lat' dir='ltr'>nolui</span> <span class='ocrx_word' id='word_1_156' title='bbox 749 2608 756 2635; x_wconf 91' lang='lat'>,</span> <span class='ocrx_word' id='word_1_157' title='bbox 772 2565 941 2640; x_wconf 88' lang='lat' dir='ltr'>postquam</span> <span class='ocrx_word' id='word_1_158' title='bbox 963 2558 1129 2623; x_wconf 83' lang='lat' dir='ltr'>Madvieus</span> <span class='ocrx_word' id='word_1_159' title='bbox 1157 2578 1208 2623; x_wconf 90' lang='lat' dir='ltr'>me</span> <span class='ocrx_word' id='word_1_160' title='bbox 1231 2558 1341 2622; x_wconf 89' lang='lat' dir='ltr'>docuit</span> <span class='ocrx_word' id='word_1_161' title='bbox 1367 2578 1403 2622; x_wconf 92' lang='lat' dir='ltr'>se</span> <span class='ocrx_word' id='word_1_162' title='bbox 1428 2557 1518 2639; x_wconf 89' lang='lat' dir='ltr'>ipsas</span> 
     </span>
     <span class='ocr_line' id='line_1_21' title="bbox 403 2655 1518 2742; baseline -0.001 -20"><span class='ocrx_word' id='word_1_163' title='bbox 403 2655 539 2722; x_wconf 89' lang='lat' dir='ltr'>schedas</span> <span class='ocrx_word' id='word_1_164' title='bbox 561 2658 727 2737; x_wconf 88' lang='lat' dir='ltr'>Hauniae,</span> <span class='ocrx_word' id='word_1_165' title='bbox 745 2679 816 2723; x_wconf 94' lang='lat' dir='ltr'>cum</span> <span class='ocrx_word' id='word_1_166' title='bbox 839 2659 893 2722; x_wconf 90' lang='lat' dir='ltr'>diu</span> <span class='ocrx_word' id='word_1_167' title='bbox 909 2660 1093 2737; x_wconf 90' lang='lat' dir='ltr'>latuissent,</span> <span class='ocrx_word' id='word_1_168' title='bbox 1117 2660 1315 2742; x_wconf 91' lang='lat' dir='ltr'>repperisse.</span> <span class='ocrx_word' id='word_1_169' title='bbox 1331 2659 1428 2742; x_wconf 89' lang='lat' dir='ltr'>paulo</span> <span class='ocrx_word' id='word_1_170' title='bbox 1444 2664 1518 2740; x_wconf 92' lang='lat' dir='ltr'>post</span> 
     </span>
     <span class='ocr_line' id='line_1_22' title="bbox 404 2756 1517 2843; baseline 0 -20"><span class='ocrx_word' id='word_1_171' title='bbox 404 2760 440 2823; x_wconf 90' lang='lat' dir='ltr'>R.</span> <span class='ocrx_word' id='word_1_172' title='bbox 452 2759 476 2821; x_wconf 95' lang='grc' dir='ltr'>Ι.</span> <span class='ocrx_word' id='word_1_173' title='bbox 488 2760 524 2822; x_wconf 83' lang='lat' dir='ltr'>F.</span> <span class='ocrx_word' id='word_1_174' title='bbox 537 2760 755 2839; x_wconf 90' lang='lat' dir='ltr'>Henricbsen,</span> <span class='ocrx_word' id='word_1_175' title='bbox 773 2780 854 2842; x_wconf 92' lang='lat' dir='ltr'>quae</span> <span class='ocrx_word' id='word_1_176' title='bbox 870 2761 922 2826; x_wconf 80' lang='lat' dir='ltr'>‘de</span> <span class='ocrx_word' id='word_1_177' title='bbox 937 2760 1114 2842; x_wconf 87' lang='lat' dir='ltr'>fragmento</span> <span class='ocrx_word' id='word_1_178' title='bbox 1131 2760 1347 2843; x_wconf 84' lang='lat' dir='ltr'>Gottorpiensi</span> <span class='ocrx_word' id='word_1_179' title='bbox 1362 2756 1517 2824; x_wconf 87' lang='lat' dir='ltr'>Lucretii’</span> 
     </span>
     <span class='ocr_line' id='line_1_23' title="bbox 405 2861 1517 2945; baseline -0.002 -19"><span class='ocrx_word' id='word_1_180' title='bbox 405 2867 553 2926; x_wconf 89' lang='lat' dir='ltr'>accurate</span> <span class='ocrx_word' id='word_1_181' title='bbox 576 2862 695 2945; x_wconf 83' lang='lat' dir='ltr'>scripta</span> <span class='ocrx_word' id='word_1_182' title='bbox 718 2863 885 2940; x_wconf 90' lang='lat' dir='ltr'>Othiniae,</span> <span class='ocrx_word' id='word_1_183' title='bbox 910 2862 997 2945; x_wconf 91' lang='lat' dir='ltr'>quod</span> <span class='ocrx_word' id='word_1_184' title='bbox 1012 2861 1143 2925; x_wconf 84' lang='lat' dir='ltr'>Fioniae</span> <span class='ocrx_word' id='word_1_185' title='bbox 1166 2861 1318 2945; x_wconf 92' lang='lat' dir='ltr'>oppidum</span> <span class='ocrx_word' id='word_1_186' title='bbox 1341 2868 1408 2939; x_wconf 88' lang='lat' dir='ltr'>est,</span> <span class='ocrx_word' id='word_1_187' title='bbox 1431 2881 1517 2925; x_wconf 91' lang='lat' dir='ltr'>anno</span> 
     </span>
     <span class='ocr_line' id='line_1_24' title="bbox 407 2961 1517 3042; baseline -0.001 -14"><span class='ocrx_word' id='word_1_188' title='bbox 407 2968 489 3031; x_wconf 83' lang='grc'>1846</span> <span class='ocrx_word' id='word_1_189' title='bbox 513 2961 632 3042; x_wconf 90' lang='lat' dir='ltr'>edidit,</span> <span class='ocrx_word' id='word_1_190' title='bbox 650 2964 725 3029; x_wconf 89' lang='lat' dir='ltr'>mihi</span> <span class='ocrx_word' id='word_1_191' title='bbox 745 2964 974 3030; x_wconf 87' lang='lat' dir='ltr'>humanissime</span> <span class='ocrx_word' id='word_1_192' title='bbox 994 2964 1098 3029; x_wconf 92' lang='lat' dir='ltr'>misit.</span> <span class='ocrx_word' id='word_1_193' title='bbox 1115 2962 1409 3028; x_wconf 91' lang='lat' dir='ltr'>Vindobonensium</span> <span class='ocrx_word' id='word_1_194' title='bbox 1426 2961 1517 3028; x_wconf 92' lang='lat' dir='ltr'>sche-</span> 
     </span>
     <span class='ocr_line' id='line_1_25' title="bbox 405 3063 1518 3148; baseline 0.003 -21"><span class='ocrx_word' id='word_1_195' title='bbox 405 3064 516 3130; x_wconf 85' lang='lat' dir='ltr'>darum</span> <span class='ocrx_word' id='word_1_196' title='bbox 543 3065 596 3129; x_wconf 85' lang='lat' dir='ltr'>vix</span> <span class='ocrx_word' id='word_1_197' title='bbox 623 3087 758 3148; x_wconf 91' lang='lat' dir='ltr'>usquam</span> <span class='ocrx_word' id='word_1_198' title='bbox 788 3067 821 3131; x_wconf 96' lang='lat' dir='ltr'>in</span> <span class='ocrx_word' id='word_1_199' title='bbox 852 3067 902 3130; x_wconf 93' lang='lat' dir='ltr'>his</span> <span class='ocrx_word' id='word_1_200' title='bbox 930 3065 1163 3132; x_wconf 88' lang='lat' dir='ltr'>commentariis</span> <span class='ocrx_word' id='word_1_201' title='bbox 1190 3063 1382 3130; x_wconf 90' lang='lat' dir='ltr'>mentionem</span> <span class='ocrx_word' id='word_1_202' title='bbox 1408 3064 1518 3131; x_wconf 85' lang='lat' dir='ltr'>faeere</span> 
     </span>
     <span class='ocr_line' id='line_1_26' title="bbox 404 3166 1517 3250; baseline -0.001 -20"><span class='ocrx_word' id='word_1_203' title='bbox 404 3166 512 3245; x_wconf 91' lang='lat' dir='ltr'>volui,</span> <span class='ocrx_word' id='word_1_204' title='bbox 536 3168 680 3248; x_wconf 88' lang='lat' dir='ltr'>quamvis</span> <span class='ocrx_word' id='word_1_205' title='bbox 704 3188 813 3232; x_wconf 88' lang='lat' dir='ltr'>earum</span> <span class='ocrx_word' id='word_1_206' title='bbox 837 3175 988 3250; x_wconf 85' lang='lat' dir='ltr'>excerpta</span> <span class='ocrx_word' id='word_1_207' title='bbox 1010 3169 1159 3231; x_wconf 89' lang='lat' dir='ltr'>haberem</span> <span class='ocrx_word' id='word_1_208' title='bbox 1187 3167 1227 3231; x_wconf 93' lang='lat' dir='ltr'>ab</span> <span class='ocrx_word' id='word_1_209' title='bbox 1249 3167 1387 3232; x_wconf 88' lang='lat' dir='ltr'>Henrico</span> <span class='ocrx_word' id='word_1_210' title='bbox 1410 3166 1517 3231; x_wconf 91' lang='lat' dir='ltr'>Keilio</span> 
     </span>
     <span class='ocr_line' id='line_1_27' title="bbox 384 3265 1517 3352; baseline 0.002 -22"><span class='ocrx_word' id='word_1_211' title='bbox 384 3265 509 3345; x_wconf 71' lang='lat' dir='ltr'>·,facta,</span> <span class='ocrx_word' id='word_1_212' title='bbox 526 3266 584 3331; x_wconf 89' lang='lat' dir='ltr'>sed</span> <span class='ocrx_word' id='word_1_213' title='bbox 599 3268 782 3334; x_wconf 89' lang='lat' dir='ltr'>rudiuscule</span> <span class='ocrx_word' id='word_1_214' title='bbox 804 3275 853 3345; x_wconf 91' lang='lat' dir='ltr'>et,</span> <span class='ocrx_word' id='word_1_215' title='bbox 876 3275 911 3333; x_wconf 93' lang='lat' dir='ltr'>ut</span> <span class='ocrx_word' id='word_1_216' title='bbox 926 3269 994 3352; x_wconf 91' lang='lat' dir='ltr'>ipse</span> <span class='ocrx_word' id='word_1_217' title='bbox 1011 3269 1156 3346; x_wconf 87' lang='lat' dir='ltr'>dicebat,</span> <span class='ocrx_word' id='word_1_218' title='bbox 1180 3289 1251 3333; x_wconf 92' lang='lat' dir='ltr'>cum</span> <span class='ocrx_word' id='word_1_219' title='bbox 1273 3270 1306 3332; x_wconf 94' lang='lat' dir='ltr'>in</span> <span class='ocrx_word' id='word_1_220' title='bbox 1322 3276 1388 3333; x_wconf 87' lang='lat' dir='ltr'>arte</span> <span class='ocrx_word' id='word_1_221' title='bbox 1404 3289 1517 3352; x_wconf 92' lang='lat' dir='ltr'>parum</span> 
     </span>
     <span class='ocr_line' id='line_1_28' title="bbox 405 3368 1519 3455; baseline 0.001 -22"><span class='ocrx_word' id='word_1_222' title='bbox 405 3368 597 3433; x_wconf 85' lang='lat' dir='ltr'>exercitatus</span> <span class='ocrx_word' id='word_1_223' title='bbox 630 3376 737 3434; x_wconf 89' lang='lat' dir='ltr'>esset.</span> <span class='ocrx_word' id='word_1_224' title='bbox 758 3390 863 3455; x_wconf 90' lang='lat' dir='ltr'>neque</span> <span class='ocrx_word' id='word_1_225' title='bbox 894 3370 1005 3435; x_wconf 89' lang='lat' dir='ltr'>harum</span> <span class='ocrx_word' id='word_1_226' title='bbox 1037 3370 1226 3435; x_wconf 89' lang='lat' dir='ltr'>schedarum</span> <span class='ocrx_word' id='word_1_227' title='bbox 1258 3371 1324 3437; x_wconf 90' lang='lat' dir='ltr'>sive</span> <span class='ocrx_word' id='word_1_228' title='bbox 1356 3370 1519 3434; x_wconf 89' lang='lat' dir='ltr'>Haunien-</span> 
     </span>
     <span class='ocr_line' id='line_1_29' title="bbox 409 3469 1518 3556; baseline -0.001 -21"><span class='ocrx_word' id='word_1_229' title='bbox 409 3469 490 3535; x_wconf 88' lang='lat' dir='ltr'>sium</span> <span class='ocrx_word' id='word_1_230' title='bbox 518 3469 586 3535; x_wconf 88' lang='lat' dir='ltr'>sive</span> <span class='ocrx_word' id='word_1_231' title='bbox 609 3470 903 3537; x_wconf 88' lang='lat' dir='ltr'>Vindobonensium</span> <span class='ocrx_word' id='word_1_232' title='bbox 930 3474 997 3537; x_wconf 89' lang='lat' dir='ltr'>ulla</span> <span class='ocrx_word' id='word_1_233' title='bbox 1012 3473 1141 3556; x_wconf 90' lang='lat' dir='ltr'>propria</span> <span class='ocrx_word' id='word_1_234' title='bbox 1166 3473 1338 3537; x_wconf 89' lang='lat' dir='ltr'>auctoritas</span> <span class='ocrx_word' id='word_1_235' title='bbox 1366 3477 1434 3550; x_wconf 92' lang='lat' dir='ltr'>est,</span> <span class='ocrx_word' id='word_1_236' title='bbox 1455 3471 1518 3536; x_wconf 92' lang='lat' dir='ltr'>nisi</span> 
     </span>
     <span class='ocr_line' id='line_1_30' title="bbox 406 3566 1518 3657; baseline 0.003 -23"><span class='ocrx_word' id='word_1_237' title='bbox 406 3591 478 3635; x_wconf 90' lang='lat' dir='ltr'>cum</span> <span class='ocrx_word' id='word_1_238' title='bbox 501 3571 673 3652; x_wconf 87' lang='lat' dir='ltr'>aliquando</span> <span class='ocrx_word' id='word_1_239' title='bbox 697 3594 767 3639; x_wconf 91' lang='lat' dir='ltr'>cum</span> <span class='ocrx_word' id='word_1_240' title='bbox 792 3573 931 3656; x_wconf 89' lang='lat' dir='ltr'>oblongo</span> <span class='ocrx_word' id='word_1_241' title='bbox 955 3566 1174 3640; x_wconf 88' lang='lat' dir='ltr'>consentiunt:</span> <span class='ocrx_word' id='word_1_242' title='bbox 1190 3574 1343 3657; x_wconf 91' lang='lat' dir='ltr'>pleraque</span> <span class='ocrx_word' id='word_1_243' title='bbox 1366 3574 1449 3637; x_wconf 91' lang='lat' dir='ltr'>enim</span> <span class='ocrx_word' id='word_1_244' title='bbox 1468 3574 1518 3637; x_wconf 91' lang='lat' dir='ltr'>vel</span> 
     </span>
     <span class='ocr_line' id='line_1_31' title="bbox 405 3672 1518 3757; baseline 0.002 -20"><span class='ocrx_word' id='word_1_245' title='bbox 405 3672 536 3737; x_wconf 89' lang='lat' dir='ltr'>minima</span> <span class='ocrx_word' id='word_1_246' title='bbox 566 3693 637 3738; x_wconf 92' lang='lat' dir='ltr'>oum</span> <span class='ocrx_word' id='word_1_247' title='bbox 661 3675 815 3756; x_wconf 88' lang='lat' dir='ltr'>quadrato</span> <span class='ocrx_word' id='word_1_248' title='bbox 844 3675 889 3739; x_wconf 88' lang='lat' dir='ltr'>ita</span> <span class='ocrx_word' id='word_1_249' title='bbox 910 3677 1028 3743; x_wconf 89' lang='lat' dir='ltr'>habent</span> <span class='ocrx_word' id='word_1_250' title='bbox 1050 3676 1247 3754; x_wconf 90' lang='lat' dir='ltr'>communia,</span> <span class='ocrx_word' id='word_1_251' title='bbox 1269 3683 1303 3740; x_wconf 92' lang='lat' dir='ltr'>ut</span> <span class='ocrx_word' id='word_1_252' title='bbox 1328 3676 1518 3757; x_wconf 91' lang='lat' dir='ltr'>quadratum</span> 
     </span>
     <span class='ocr_line' id='line_1_32' title="bbox 405 3774 1518 3860; baseline 0.003 -22"><span class='ocrx_word' id='word_1_253' title='bbox 405 3774 504 3839; x_wconf 90' lang='lat' dir='ltr'>nimia</span> <span class='ocrx_word' id='word_1_254' title='bbox 536 3774 619 3856; x_wconf 87' lang='lat' dir='ltr'>lide,</span> <span class='ocrx_word' id='word_1_255' title='bbox 642 3776 828 3842; x_wconf 90' lang='lat' dir='ltr'>schedarum</span> <span class='ocrx_word' id='word_1_256' title='bbox 860 3785 965 3844; x_wconf 89' lang='lat' dir='ltr'>autem</span> <span class='ocrx_word' id='word_1_257' title='bbox 992 3779 1159 3855; x_wconf 90' lang='lat' dir='ltr'>librarios,</span> <span class='ocrx_word' id='word_1_258' title='bbox 1176 3798 1256 3859; x_wconf 92' lang='lat' dir='ltr'>quos</span> <span class='ocrx_word' id='word_1_259' title='bbox 1286 3778 1397 3860; x_wconf 88' lang='lat' dir='ltr'>plures</span> <span class='ocrx_word' id='word_1_260' title='bbox 1418 3776 1518 3841; x_wconf 85' lang='lat' dir='ltr'>fuisse</span> 
     </span>
     <span class='ocr_line' id='line_1_33' title="bbox 405 3879 1517 3964; baseline 0.001 -24"><span class='ocrx_word' id='word_1_261' title='bbox 405 3882 553 3942; x_wconf 86' lang='lat' dir='ltr'>testatum</span> <span class='ocrx_word' id='word_1_262' title='bbox 573 3879 749 3959; x_wconf 90' lang='lat' dir='ltr'>habemus,</span> <span class='ocrx_word' id='word_1_263' title='bbox 767 3902 891 3947; x_wconf 88' lang='lat' dir='ltr'>summa</span> <span class='ocrx_word' id='word_1_264' title='bbox 913 3880 1118 3964; x_wconf 81' lang='lat' dir='ltr'>neglegentia</span> <span class='ocrx_word' id='word_1_265' title='bbox 1144 3899 1293 3961; x_wconf 87' lang='lat' dir='ltr'>peccasse</span> <span class='ocrx_word' id='word_1_266' title='bbox 1316 3885 1435 3942; x_wconf 91' lang='lat' dir='ltr'>certum</span> <span class='ocrx_word' id='word_1_267' title='bbox 1458 3879 1517 3943; x_wconf 90' lang='lat' dir='ltr'>sit.</span> 
     </span>
     <span class='ocr_line' id='line_1_34' title="bbox 407 3980 1519 4063; baseline -0.002 -17"><span class='ocrx_word' id='word_1_268' title='bbox 407 3988 476 4047; x_wconf 91' lang='lat' dir='ltr'>octo</span> <span class='ocrx_word' id='word_1_269' title='bbox 504 3982 741 4050; x_wconf 90' lang='lat' dir='ltr'>Hauniensibus</span> <span class='ocrx_word' id='word_1_270' title='bbox 774 3985 969 4050; x_wconf 87' lang='lat' dir='ltr'>continetur.</span> <span class='ocrx_word' id='word_1_271' title='bbox 984 3984 1064 4047; x_wconf 92' lang='lat' dir='ltr'>liber</span> <span class='ocrx_word' id='word_1_272' title='bbox 1091 3980 1229 4046; x_wconf 90' lang='lat' dir='ltr'>Lucretii</span> <span class='ocrx_word' id='word_1_273' title='bbox 1262 3980 1382 4063; x_wconf 90' lang='lat' dir='ltr'>primus</span> <span class='ocrx_word' id='word_1_274' title='bbox 1411 3986 1442 4045; x_wconf 93' lang='lat' dir='ltr'>et</span> <span class='ocrx_word' id='word_1_275' title='bbox 1470 4000 1519 4044; x_wconf 91' lang='lat' dir='ltr'>se·</span> 
     </span>
     <span class='ocr_line' id='line_1_35' title="bbox 408 4080 1519 4165; baseline -0.004 -16"><span class='ocrx_word' id='word_1_276' title='bbox 408 4084 502 4149; x_wconf 90' lang='lat' dir='ltr'>cundi</span> <span class='ocrx_word' id='word_1_277' title='bbox 536 4104 648 4149; x_wconf 87' lang='lat' dir='ltr'>versus</span> <span class='ocrx_word' id='word_1_278' title='bbox 670 4091 754 4164; x_wconf 80' lang='lat'>456,</span> <span class='ocrx_word' id='word_1_279' title='bbox 783 4086 910 4151; x_wconf 90' lang='lat' dir='ltr'>omissis</span> <span class='ocrx_word' id='word_1_280' title='bbox 943 4091 1049 4149; x_wconf 90' lang='lat' dir='ltr'>tamen</span> <span class='ocrx_word' id='word_1_281' title='bbox 1082 4084 1132 4148; x_wconf 92' lang='lat' dir='ltr'>bis</span> <span class='ocrx_word' id='word_1_282' title='bbox 1167 4081 1401 4165; x_wconf 85' lang='lat' dir='ltr'>quinquagenis</span> <span class='ocrx_word' id='word_1_283' title='bbox 1434 4080 1519 4145; x_wconf 92' lang='lat' dir='ltr'>binis</span> 
     </span>
     <span class='ocr_line' id='line_1_36' title="bbox 405 4184 1519 4270; baseline -0.003 -20"><span class='ocrx_word' id='word_1_284' title='bbox 405 4194 455 4268; x_wconf 77' lang='grc' dir='ltr'>(ι,</span> <span class='ocrx_word' id='word_1_285' title='bbox 482 4191 663 4256; x_wconf 78' lang='grc'>734-785</span> <span class='ocrx_word' id='word_1_286' title='bbox 686 4210 729 4263; x_wconf 91' lang='lat'>11,</span> <span class='ocrx_word' id='word_1_287' title='bbox 753 4185 974 4270; x_wconf 74' lang='lat'>253-304),</span> <span class='ocrx_word' id='word_1_288' title='bbox 997 4191 1032 4248; x_wconf 92' lang='lat' dir='ltr'>ut</span> <span class='ocrx_word' id='word_1_289' title='bbox 1047 4206 1144 4269; x_wconf 92' lang='lat' dir='ltr'>supra</span> <span class='ocrx_word' id='word_1_290' title='bbox 1159 4184 1246 4262; x_wconf 83' lang='lat' dir='ltr'>dixi,</span> <span class='ocrx_word' id='word_1_291' title='bbox 1269 4190 1438 4268; x_wconf 88' lang='lat' dir='ltr'>etpraeter</span> <span class='ocrx_word' id='word_1_292' title='bbox 1462 4203 1519 4248; x_wconf 90' lang='lat' dir='ltr'>eos</span> 
     </span>
     <span class='ocr_line' id='line_1_37' title="bbox 405 4287 1520 4374; baseline 0.002 -23"><span class='ocrx_word' id='word_1_293' title='bbox 405 4288 506 4352; x_wconf 89' lang='lat' dir='ltr'>tribus</span> <span class='ocrx_word' id='word_1_294' title='bbox 529 4293 560 4351; x_wconf 91' lang='lat' dir='ltr'>et</span> <span class='ocrx_word' id='word_1_295' title='bbox 581 4287 693 4369; x_wconf 86' lang='lat' dir='ltr'>viginti</span> <span class='ocrx_word' id='word_1_296' title='bbox 717 4290 767 4374; x_wconf 92' lang='lat'>(1,</span> <span class='ocrx_word' id='word_1_297' title='bbox 795 4294 854 4356; x_wconf 76' lang='lat'>123</span> <span class='ocrx_word' id='word_1_298' title='bbox 875 4293 938 4357; x_wconf 84' lang='lat'>890</span> <span class='ocrx_word' id='word_1_299' title='bbox 959 4293 1019 4356; x_wconf 83' lang='grc'>891</span> <span class='ocrx_word' id='word_1_300' title='bbox 1044 4293 1126 4356; x_wconf 77' lang='grc'><strong>1023</strong></span> <span class='ocrx_word' id='word_1_301' title='bbox 1145 4292 1364 4356; x_wconf 77' lang='lat' dir='ltr'>roos—1075</span> <span class='ocrx_word' id='word_1_302' title='bbox 1391 4291 1520 4353; x_wconf 86' lang='grc'><strong>1094-</strong></span> 
     </span>
     <span class='ocr_line' id='line_1_38' title="bbox 410 4387 1519 4475; baseline -0.006 -18"><span class='ocrx_word' id='word_1_303' title='bbox 410 4393 489 4457; x_wconf 85' lang='grc'><strong>1101</strong></span> <span class='ocrx_word' id='word_1_304' title='bbox 507 4412 548 4467; x_wconf 83' lang='lat'>11,</span> <span class='ocrx_word' id='word_1_305' title='bbox 565 4389 767 4475; x_wconf 68' lang='lat' dir='ltr'>310—3rc):</span> <span class='ocrx_word' id='word_1_306' title='bbox 779 4390 907 4469; x_wconf 86' lang='lat' dir='ltr'>insunt,</span> <span class='ocrx_word' id='word_1_307' title='bbox 925 4391 1133 4472; x_wconf 87' lang='lat' dir='ltr'>capitulorum</span> <span class='ocrx_word' id='word_1_308' title='bbox 1149 4389 1248 4453; x_wconf 88' lang='lat' dir='ltr'>titulis</span> <span class='ocrx_word' id='word_1_309' title='bbox 1264 4387 1519 4464; x_wconf 88' lang='lat' dir='ltr'>connumeratis,</span> 
     </span>
     <span class='ocr_line' id='line_1_39' title="bbox 409 4488 1521 4574; baseline -0.002 -20"><span class='ocrx_word' id='word_1_310' title='bbox 409 4510 520 4556; x_wconf 87' lang='lat' dir='ltr'>versus</span> <span class='ocrx_word' id='word_1_311' title='bbox 549 4491 738 4574; x_wconf 90' lang='lat' dir='ltr'>conscripti,</span> <span class='ocrx_word' id='word_1_312' title='bbox 768 4491 829 4557; x_wconf 90' lang='lat' dir='ltr'>nisi</span> <span class='ocrx_word' id='word_1_313' title='bbox 856 4491 969 4571; x_wconf 78' lang='lat' dir='ltr'>fallor,</span> <span class='ocrx_word' id='word_1_314' title='bbox 996 4499 1100 4562; x_wconf 78' lang='grc'><strong>1489.</strong></span> <span class='ocrx_word' id='word_1_315' title='bbox 1124 4493 1163 4556; x_wconf 90' lang='lat' dir='ltr'>de</span> <span class='ocrx_word' id='word_1_316' title='bbox 1191 4491 1242 4556; x_wconf 90' lang='lat' dir='ltr'>his</span> <span class='ocrx_word' id='word_1_317' title='bbox 1271 4488 1521 4556; x_wconf 89' lang='lat' dir='ltr'>Henricbsenius</span> 
     </span>
     <span class='ocr_line' id='line_1_40' title="bbox 406 4591 1521 4678; baseline -0.003 -22"><span class='ocrx_word' id='word_1_318' title='bbox 406 4593 486 4658; x_wconf 85' lang='lat' dir='ltr'>haee</span> <span class='ocrx_word' id='word_1_319' title='bbox 509 4593 603 4672; x_wconf 91' lang='lat' dir='ltr'>dicit,</span> <span class='ocrx_word' id='word_1_320' title='bbox 625 4593 747 4657; x_wconf 82' lang='lat' dir='ltr'>‘Codex</span> <span class='ocrx_word' id='word_1_321' title='bbox 769 4594 1005 4678; x_wconf 84' lang='lat' dir='ltr'>Gottorpiensis</span> <span class='ocrx_word' id='word_1_322' title='bbox 1028 4602 1076 4661; x_wconf 93' lang='lat' dir='ltr'>est</span> <span class='ocrx_word' id='word_1_323' title='bbox 1095 4595 1358 4660; x_wconf 87' lang='lat' dir='ltr'>membranaceus</span> <span class='ocrx_word' id='word_1_324' title='bbox 1379 4591 1448 4656; x_wconf 86' lang='lat' dir='ltr'>folii</span> <span class='ocrx_word' id='word_1_325' title='bbox 1462 4591 1521 4654; x_wconf 93' lang='lat' dir='ltr'>mi-</span> 
     </span>
     <span class='ocr_line' id='line_1_41' title="bbox 351 4694 1528 4794; baseline -0.005 -31"><span class='ocrx_word' id='word_1_326' title='bbox 351 4770 359 4778; x_wconf 42' lang='lat'>,</span> <span class='ocrx_word' id='word_1_327' title='bbox 405 4696 673 4794; x_wconf 66' lang='lat' dir='ltr'>noris—binis</span> <span class='ocrx_word' id='word_1_328' title='bbox 695 4696 850 4763; x_wconf 88' lang='lat' dir='ltr'>columnis</span> <span class='ocrx_word' id='word_1_329' title='bbox 871 4698 915 4762; x_wconf 84' lang='lat' dir='ltr'>ite</span> <span class='ocrx_word' id='word_1_330' title='bbox 938 4707 1106 4778; x_wconf 85' lang='lat' dir='ltr'>exaratus,</span> <span class='ocrx_word' id='word_1_331' title='bbox 1129 4702 1163 4761; x_wconf 90' lang='lat' dir='ltr'>ut</span> <span class='ocrx_word' id='word_1_332' title='bbox 1185 4695 1331 4777; x_wconf 89' lang='lat' dir='ltr'>singulae</span> <span class='ocrx_word' id='word_1_333' title='bbox 1353 4694 1419 4759; x_wconf 82' lang='lat' dir='ltr'>fere</span> <span class='ocrx_word' id='word_1_334' title='bbox 1443 4694 1528 4777; x_wconf 80' lang='lat' dir='ltr'>qua-&#39;</span> 
     </span>
    </p>
   </div>
   <div class='ocr_carea' id='block_1_3' title="bbox 0 0 1776 5442">
    <p class='ocr_par' dir='ltr' id='par_1_3' title="bbox 0 0 1776 5442">
     <span class='ocr_line' id='line_1_42' title="bbox 0 0 1776 5442; baseline 0 0"><span class='ocrx_word' id='word_1_335' title='bbox 0 0 1776 5442; x_wconf 95' lang='lat' dir='ltr'> </span> 
     </span>
    </p>
   </div>
  </div>
 </body>
</html>
