3509 5442
327 553 390 617 386
856 540 899 605 Vl

325 718 390 784 tale
412 717 508 780 fuisse
531 713 626 796 quale
648 711 743 776 modo
766 709 941 792 simplicius
955 707 1047 790 posui
1061 759 1069 783 ‚
1084 715 1230 790 resorpta
1244 706 1366 788 maris,
1382 705 1436 770 sed

328 820 433 903 potius
448 815 619 880 calefactas
634 814 730 877 inanis
746 817 872 895 partes,
889 810 1027 875 ostendit
1040 810 1200 874 adiectum
1213 809 1367 893 penitae.-
1382 808 1436 870 hoo

329 923 411 987 euim
435 918 477 983 ad
496 931 663 1003 [revenerare
686 914 842 997 pertinere
865 932 930 976 uon
951 917 1000 976 est
1017 910 1083 974 veri
1099 909 1224 985 simile,
1239 928 1316 972 num
1331 910 1364 972 in
1380 909 1436 972 tine

328 1041 440 1087 versos
455 1039 552 1102 super
567 1019 608 1082 sit
622 1030 749 1103 aperto,
765 1014 905 1079 debeant
921 1019 1026 1078 autem
1049 1014 1083 1074 ia
1105 1024 1251 1096 apertum
1270 1024 1436 1095 proterrere

329 1144 412 1208 quae
434 1121 579 1186 otllatnra
596 1124 689 1182 sunt.
706 1137 783 1196 ergo
800 1122 831 1179 et
845 1115 957 1179 litteris
973 1119 1004 1178 et
1019 1111 1197 1176 sententiae
1211 1130 1350 1193 prorsus
1367 1131 1436 1175 eon·

328 1227 415 1292 vouit
439 1225 477 1287 Mt
496 1234 662 1308 persanare
685 1240 794 1281 urnis
819 1219 947 1302 peruius
969 1236 1162 1279 ruaconra
1186 1235 1223 1274 lu
1245 1235 1435 1289 urrunnu,

330 1347 389 1392 neo
410 1331 515 1409 potest
536 1320 678 1404 prosectu
703 1317 867 1383 Lueretius
889 1317 981 1381 aliter
1003 1316 1190 1400 scripsisse.

416 1430 486 1493 tot.
511 1424 547 1486 Ia
571 1444 695 1483 sumno
719 1444 810 1483 stiur
828 1439 1254 1481 vnarrouulcuursanS.
1283 1419 1438 1504 Vertipeni

329 1527 523 1612 quadratus.
547 1523 700 1586 Marullus
723 1525 835 1586 vertice
857 1523 951 1586 item:
968 1521 1026 1584 sed
1040 1519 1211 1583 Turnebus
1231 1518 1266 1582 in
1290 1518 1434 1582 adversa·

329 1633 384 1696 riis
399 1651 476 1710 xxii,
495 1632 530 1694 lo
553 1624 669 1688 rectius
690 1627 802 1689 vertice
824 1645 932 1686 nuru.

416 1736 487 1798 too.
511 1748 692 1791 ineuntur.
717 1725 786 1789 ltali
809 1731 840 1789 et
862 1723 1037 1788 Brixiensis
1060 1720 1158 1787 editio
1180 1747 1345 1787 rannus.

417 1837 487 1898 tos.
512 1832 593 1893 Nau
617 1849 687 1898 nun
711 1849 804 1889 airu.
828 1826 898 1889 Itali
922 1847 1062 1896 sunus.

417 1938 488 2002 tto.
520 1931 651 1996 llrauu
683 1951 826 1991 (raanan
857 1951 1012 2000 artrourn
1044 1950 1128 1990 assa
1159 1951 1205 1991 ux
1237 1952 1312 1992 noc
1343 1951 1433 2001 Quon

331 2057 573 2101 nnnrrorrnn.
598 2033 717 2095 llorum
740 2032 851 2095 ultima
877 2031 982 2095 littera
1004 2028 1177 2112 quadratus
1201 2037 1314 2115 earet,
1336 2032 1370 2096 in
1390 2051 1434 2095 ee

328 2141 405 2206 teris
427 2158 497 2203 eum
514 2136 653 2213 oblongo
668 2133 845 2197 eonsentit.
862 2133 1016 2196 Marullus
1030 2133 1178 2197 Vnauu.
1196 2133 1358 2199 Avantius
1371 2154 1434 2198 eum

331 2239 467 2305 Antonio
496 2235 585 2300 Marii
616 2256 770 2304 nrrrnurn
802 2257 968 2297 (asanaa.
996 2235 1125 2298 Isaaous
1155 2233 1294 2300 Vossius
1325 2236 1434 2321 optime

331 2342 416 2428 quod
437 2358 611 2401 cosmum
636 2357 691 2397 ar.

417 2447 488 2508 tro.
513 2461 669 2511 turrianus
693 2459 754 2499 rna
777 2459 863 2500 ussa
884 2460 1097 2502 ruauurun.
1114 2437 1433 2517 Quiurnsraultali

329 2553 361 2611 et
383 2548 541 2609 corrector
562 2538 729 2622 quadrati.
747 2539 901 2603 Isidorum
921 2538 1078 2620 originum
1095 2561 1163 2620 xm,
1179 2543 1213 2606 ll
1233 2559 1275 2605 ex
1292 2539 1434 2605 Lucretio

334 2650 456 2713 Mtem‘an
483 2657 584 2708 atatem
604 2643 712 2727 flabro
736 2655 808 2705 sunt
829 2642 989 2726 aprer'lom‘s
1001 2692 1009 2723 ,
1033 2642 1147 2726 quibus
1169 2667 1281 2707 nomen
1305 2643 1433 2706 deditum

330 2763 375 2814 est
390 2747 476 2834 pund
489 2758 570 2809 rorte
586 2745 666 2807 (sarrai
678 2744 920 2829 temporestatus
937 2766 1031 2827 apere
1046 2743 1222 2828 incipiunt.
1247 2762 1288 2807 ex
1312 2743 1362 2808 his
1384 2742 1434 2807 Isi·

329 2851 418 2926 dori‚
439 2868 501 2911 nun
523 2867 561 2910 ox
583 2846 652 2928 ipso
671 2844 836 2919 lmeretio,
859 2842 892 2905 iu
908 2842 1011 2906 Taciti
1031 2842 1231 2907 historiarum
1250 2844 1337 2910 libro
1353 2868 1385 2923 11,
1396 2850 1433 2912 98

329 2952 360 3014 iu
384 2949 519 3014 modium
543 2951 710 3012 etesiarum
732 2945 921 3009 vocabulum
945 2943 1034 3007 illata
1056 2963 1128 3008 esse
1140 2947 1252 3030 flabra
1276 2949 1433 3032 aquilonis

329 3051 467 3117 ostemlit
487 3052 508 3114 l.
527 3052 560 3114 F.
577 3047 757 3112 Gronovius
778 3045 810 3109 in
833 3045 1090 3110 observationum
1113 3045 1193 3111 libro
1216 3069 1259 3130 ιν,
1273 3053 1294 3114 2
1310 3069 1341 3132 p.
1355 3056 1412 3126 30,

414 3158 484 3219 tro.
517 3174 657 3214 suanno
687 3170 905 3212 ruarmrun.
934 3147 1006 3239 Itali
1036 3152 1067 3209 et
1095 3146 1243 3231 impressi
1272 3172 1431 3213 rannone.

329 3255 468 3319 Isidorus
491 3255 579 3317 Haeo
602 3276 727 3315 camma
750 3264 865 3315 rectum
895 3276 916 3313 a
937 3251 1030 3314 deren
1051 3250 1085 3312 ia
1107 3251 1432 3336 Aeppptamferunt‚

328 3359 441 3441 paidos
464 3368 569 3418 rarenter
591 3353 770 3416 curatrarius
793 3365 855 3415 est.

414 3461 485 3522 723.
509 3455 695 3517 leoarus.
721 3453 924 3518 correctores
946 3458 1070 3517 veteres
1091 3454 1307 3516 Exorari-rus,

414 3562 484 3624 726.
508 3577 569 3618 nor
594 3577 717 3618 iuriis.
741 3554 841 3618 Iidem
864 3577 972 3617 nrrrr.

413 3662 484 3726 727.
509 3679 614 3720 niusa
636 3678 746 3719 umus
770 3679 905 3720 axinus
927 3678 1061 3719 rums.
1083 3657 1238 3722 Marullus
1260 3681 1374 3725 auur.

412 3766 483 3829 rm
507 3782 553 3823 nn
577 3780 695 3822 csnur
718 3781 773 3821 ur.
797 3758 866 3822 ltali
891 3764 923 3823 et
943 3759 1097 3823 Marullus
1119 3762 1207 3824 eune.
1228 3763 1433 3828 correctionis

326 3881 454 3927 sarisam
485 3883 549 3925 non
576 3860 756 3943 perspicio,
779 3865 810 3922 et
832 3861 1050 3942 quaerendum
1073 3866 1149 3943 puto
1173 3860 1245 3941 quis
1267 3871 1346 3930 ante
1366 3865 1434 3928 Hir-

324 3963 402 4027 tium
418 3963 581 4028 Moralium
599 3961 771 4044 Vergilium
788 3960 965 4026 Vitruvium
980 3961 1096 4047 diruerit
1110 3977 1205 4049 caput
1220 3969 1329 4032 amnis
1339 4016 1349 4050 ,
1359 3968 1433 4053 fon·

325 4067 384 4146 rain,
404 4066 507 4130 illarii
515 4114 523 4147 ,
544 4063 691 4147 genetivo
707 4061 836 4127 addito.
860 4084 957 4147 supra
971 4084 1065 4128 versu
1080 4070 1143 4133 636
1159 4078 1187 4129 et
1201 4065 1249 4129 ad
1260 4082 1360 4154 capnt
1374 4092 1434 4131 am·

324 4167 416 4229 aidan
441 4169 541 4231 onrrn's
563 4167 721 4252 Confluat.
750 4164 783 4229 iu
810 4165 996 4229 Trinummo
1024 4165 1127 4229 Plauti
1150 4171 1214 4234 940
1242 4167 1435 4233 Ritseholins

324 4263 409 4328 haud
432 4265 498 4330 snio
521 4285 562 4331 sn
585 4286 650 4330 nou
673 4273 758 4332 reete
781 4287 853 4333 eum
869 4267 996 4351 Guyeto
1011 4267 1174 4350 scripserit
1189 4268 1247 4332 Ad
1258 4284 1358 4356 caput
1373 4295 1435 4334 am-

245 4438 251 4443 ,
323 4368 393 4448 rarle,
410 4370 469 4452 pai
481 4367 519 4431 de.
534 4369 639 4448 caelo,
655 4386 725 4431 eum
742 4374 852 4432 vetera
866 4369 1063 4452 exemplaria
1077 4369 1163 4454 qnod
1177 4369 1340 4449 habeant;
1359 4392 1435 4453 quo·

323 4466 406 4533 eirea
428 4465 594 4531 vilebatur
616 4467 691 4532 mihi
714 4474 809 4550 poeta
829 4468 958 4536 dedisse
981 4471 1038 4535 Ad
1057 4483 1171 4556 caput,
1188 4475 1295 4536 aniane
1319 4473 1434 4558 quode

322 4569 407 4633 caelo
429 4571 571 4634 emoritur
593 4571 650 4633 aad
671 4569 750 4633 solio
773 4572 877 4635 [osu.

407 4675 478 4739 730.
503 4690 575 4741 nun
597 4691 751 4735 nrrsm.
777 4671 847 4739 Hoe
869 4672 946 4737 ferri
969 4695 1034 4738 non
1056 4671 1173 4755 debet,
1197 4674 1275 4754 quia
1299 4689 1366 4741 ram
1386 4695 1433 4740 se
