3509 5442
781 552 825 618 vl
1291 555 1357 619 363

246 722 308 788 dos
328 721 649 789 collocaremur
670 722 832 788 Kellerum
852 721 886 786 in
906 719 1105 788 semestrium
1120 742 1186 804 np.
1194 724 1278 788 443:
1301 720 1358 785 Ilr-

247 823 400 889 iirrtensis
424 823 527 890 eodex
548 823 645 888 habet
666 823 944 890 ooniunotionem.
968 842 1008 886 ex
1030 821 1133 905 poetis
1158 822 1207 887 bis
1230 823 1274 887 ita
1293 822 1359 886 Ho-

248 926 371 1002 ratius,
393 927 478 991 oilil
498 925 663 990 adlabores
678 925 834 1007 dedatur,
855 949 930 990 curo
941 975 950 1007 ‚
974 929 1005 988 et
1019 926 1188 1010 Imprimat
1209 926 1258 989 lio
1280 948 1359 987 eura

249 1031 421 1093 Maecenas
436 1029 529 1115 siqua
544 1026 685 1108 tabella,
708 1045 812 1109 neque
827 1027 855 1091 is
870 1046 1022 1108 umquam
1037 1039 1071 1090 at
1085 1023 1227 1090 addidit.
1245 1023 1360 1105 Vergi-

248 1129 313 1193 lius
336 1127 464 1210 quidem
487 1126 618 1192 Ovidius
640 1126 799 1192 Iuvenalis
826 1132 938 1193 neutra
959 1127 1082 1192 ratione
1103 1127 1155 1192 usi
1176 1131 1271 1191 sunt:
1302 1123 1360 1189 sed

250 1228 477 1311 Lucretium,
493 1233 553 1296 127
569 1254 682 1295 aurare
697 1233 731 1294 io
746 1230 892 1294 membris
907 1241 941 1293 at
955 1230 1021 1293 vita
1035 1242 1172 1294 moretur
1187 1233 1263 1311 etv,
1278 1229 1360 1296 1015

251 1334 345 1421 Ipaoir
360 1333 442 1397 enim
457 1332 580 1396 curavit
593 1344 627 1394 ut
642 1332 727 1395 aloia
741 1354 874 1417 corpora
880 1331 996 1416 fripoo
1009 1331 1083 1394 Noa
1097 1333 1144 1394 ito
1158 1332 1223 1395 eam
1231 1341 1362 1416 possent

251 1434 339 1499 coeli
350 1433 407 1496 rab
422 1431 674 1518 tepmioeferre.
692 1451 769 1515 ergo
786 1431 837 1496 hio
852 1438 992 1496 autenm
1007 1431 1162 1495 Lambino
1178 1429 1362 1495 addendum
1441 1462 1443 1466 ·

253 1539 303 1600 est
317 1546 371 1615 at,
386 1538 442 1597 aut
455 1531 562 1618 potius
576 1530 756 1597 faciendum
773 1534 871 1599 Curat
894 1555 982 1596 urar
1003 1537 1089 1598 eoois
1109 1535 1261 1619 iotepris.
1277 1529 1363 1595 simi-

251 1636 327 1700 liter
348 1633 544 1718 exemplaria
564 1652 699 1716 peooare
722 1633 856 1699 vidimus
877 1632 960 1698 libro
981 1656 1003 1712 1,
1024 1638 1084 1702 753
1107 1634 1146 1698 et'
1159 1632 1251 1696 tertio
1273 1631 1363 1697 vide-

252 1735 360 1801 bimus
382 1733 465 1800 infra
486 1753 581 1806 versu
605 1739 707 1804 1022.

341 1841 414 1906 233.
447 1858 621 1907 sausoure
651 1859 758 1900 raom
786 1857 1026 1901 ieronimus
1056 1857 1189 1900 vss1s.
1218 1833 1363 1911 Quadra·

203 1954 215 1962 “
253 1943 307 2002 tus
320 1938 432 2024 facet.
452 1937 610 2020 oblongus
627 1940 728 2004 latera
743 1941 872 2004 minuo.
888 1936 1068 2001 Marcianus
1083 1937 1216 2020 Capella
1230 1936 1312 2001 libro
1328 1959 1363 1998 nr

254 2043 358 2119 §.295
365 2041 533 2105 Intoretias
543 2053 644 2105 tamea
654 2044 795 2128 peoetioo
806 2042 891 2120 vasi,
899 2052 934 2103 ut
944 2040 1167 2124 rariqaefaoit
1174 2039 1364 2104 lateramina

254 2144 351 2207 vari.
374 2145 540 2223 utramque
562 2141 702 2223 genetivi
722 2141 857 2207 formam
881 2138 1047 2206 Charisius
1069 2138 1216 2221 agnoseit
1236 2160 1267 2223 p.
1284 2142 1363 2217 119,

256 2241 348 2308 euius
373 2247 516 2325 temporo
543 2267 654 2308 oasam
676 2243 873 2325 antiquatum
897 2245 983 2320 erat,
1007 2239 1065 2306 sed
1084 2239 1179 2322 vulgo
1202 2239 1366 2306 dieebatur
1421 2293 1424 2298 .

255 2368 355 2426 varo,
375 2342 516 2426 quoiam
531 2362 608 2408 usus
623 2349 671 2407 est
686 2343 864 2409 Columella
878 2366 911 2427 11,
926 2347 956 2421 2,
968 2346 1030 2411 20.
1047 2340 1208 2406 Vitruvius
1222 2364 1290 2421 vm,
1305 2347 1366 2421 1,4

257 2469 334 2511 vaso
343 2494 354 2528 ,
369 2443 427 2511 sed
447 2443 534 2509 idem
555 2446 591 2508 io
612 2469 723 2510 oasam
738 2469 772 2508 rx
793 2443 893 2530 praes.
908 2448 944 2510 11
960 2491 967 2506 .
984 2442 1228 2509 declinationem
1242 2447 1351 2533 iaperi
1357 2494 1366 2528 ,

256 2545 292 2612 in
315 2565 379 2629 qua
400 2543 561 2610 simillima
581 2544 769 2628 imparilitas
793 2553 861 2630 est,
882 2550 955 2609 ante
970 2544 1093 2627 aliquot
1107 2565 1210 2611 annos
1225 2546 1320 2611 dooui
1333 2547 1367 2609 in

258 2667 343 2712 novo
365 2664 476 2712 museo
497 2646 651 2713 Rhenano
673 2670 711 2710 111
727 2668 759 2731 p.
772 2653 856 2716 609:
881 2644 939 2710 sed
966 2650 1033 2708 tum
1059 2647 1258 2729 praetermisi
1280 2651 1366 2735 iape-

257 2773 365 2815 reram
387 2746 588 2830 genetivum,
612 2768 705 2830 quem
728 2747 848 2814 notavit
870 2745 1055 2812 err-Luoilio
1079 2746 1241 2813 Charisius
1260 2768 1291 2832 p.
1303 2753 1366 2825 40,

257 2847 315 2914 ubi
336 2845 489 2932 seriptum
511 2854 560 2913 est
582 2852 746 2936 luperam,
769 2849 854 2932 quod
877 2848 1024 2915 dixerunt
1047 2867 1176 2914 omnes.

346 2954 419 3019 234.
441 2950 653 3015 onsursrs
678 2972 796 3016 canos
818 2972 922 3035 mus,
946 2973 991 3015 ur
1015 2971 1238 3017 rusruusrus
1260 2975 1296 3015 1u
1314 2975 1367 3015 11>-
1416 2971 1418 2974 ⁴

261 3073 331 3117 suu
366 3050 578 3116 Mamurius
620 3073 781 3117 servans
817 3074 978 3116 orrrsrr
1022 3074 1231 3119 Parnasum
1266 3076 1366 3117 vrs1.

260 3153 351 3217 Haeo
377 3151 453 3234 quia
473 3153 666 3220 sententiam
688 3173 752 3220 non
773 3152 914 3233 iaciunt,
937 3153 1138 3220 Wakefieldo
1163 3155 1295 3237 eiusque
1318 3175 1369 3220 as-

261 3252 357 3320 seolis
377 3253 585 3336 placuerunt·
608 3262 742 3338 apparet
766 3262 872 3321 autem
900 3254 1101 3321 scribendum
1128 3275 1199 3322 esse
1227 3279 1269 3319 ur
1292 3258 1369 3321 iori-

262 3368 399 3421 oaatur.
421 3355 579 3421 Antonius
600 3356 693 3422 Marii
720 3371 754 3422 at
776 3361 974 3424 iaeiouetar.
997 3358 1167 3422 Marullum
1189 3363 1221 3424 et
1242 3357 1371 3421 Lambi-

261 3477 340 3522 num
357 3453 472 3522 fefellit
489 3457 717 3542 impressorum
733 3459 963 3542 exemplarium
977 3458 1087 3524 uitium
1100 3510 1107 3539 ‚
1122 3461 1157 3525 in
1172 3461 1288 3545 quibus
1304 3465 1372 3524 erat

262 3573 298 3624 at
312 3560 514 3624 iasiooatur.
530 3559 722 3626 reoentiores
737 3560 898 3626 debebant
912 3562 993 3626 seire
1008 3576 1042 3627 at
1056 3582 1114 3646 pro
1129 3565 1187 3629 ali
1203 3564 1237 3627 in
1251 3570 1372 3645 tempo-

262 3660 309 3726 ris
329 3658 562 3742 significatione
584 3680 650 3726 non
672 3681 744 3728 esse
767 3662 950 3728 Lucretiam
970 3683 1067 3728 usus.

351 3766 424 3831 237.
457 3784 579 3834 usaue
606 3785 703 3828 nouo
732 3786 892 3828 ronanus
914 3786 1080 3828 suaviae
1103 3786 1292 3829 corusco.
1319 3765 1373 3830 Sie

263 3869 409 3943 veteres,
431 3864 493 3930 nisi
516 3866 602 3948 quod
623 3867 657 3931 in
679 3867 818 3949 oblongo
842 3873 890 3932 est
911 3892 1031 3951 aequae
1052 3866 1157 3950 priore
1179 3893 1201 3932 α
1222 3866 1373 3931 inlitora

264 3965 390 4051 posito.
412 3988 581 4033 oravero
605 3974 798 4035 oorreotores
820 3970 985 4052 utriusque
1005 3969 1173 4034 Vossiani.
1194 3971 1303 4035 tollam
1325 3970 1372 4033 in-

265 4071 338 4150 epte
360 4074 518 4134 eorreetor
540 4069 693 4155 oblongi,
721 4092 824 4154 neque
851 4070 1038 4155 prudentius
1065 4073 1178 4136 culleos
1201 4070 1373 4136 Wakefiel-

240 4250 248 4261 .
265 4167 328 4235 dus
349 4168 514 4251 probavit,
532 4170 618 4253 quod
639 4172 673 4236 in
695 4175 848 4255 quadrato
864 4193 936 4239 esse
951 4173 1054 4258 falso,
1070 4180 1105 4237 ut
1119 4174 1293 4257 pleraque,
1309 4174 1373 4237 Ha·

265 4289 456 4354 veroampus
477 4273 663 4340 rettulerat.
685 4276 860 4341 Lambinus
881 4274 1048 4341 verissime
1070 4279 1251 4340 resisus.

352 4378 425 4442 239.
448 4376 554 4441 Nunc
569 4400 615 4441 111
628 4427 635 4442 .
655 4379 709 4445 Sie
724 4379 903 4462 oblongus,
925 4378 984 4445 sed
1002 4405 1056 4446 eoa
1070 4379 1104 4443 in
1118 4379 1233 4444 litura:
1249 4381 1321 4444 Noa
1337 4403 1374 4443 ea

267 4476 443 4562 quadratus
456 4528 463 4543 .
478 4480 588 4564 itaque
601 4481 635 4546 in
653 4480 763 4548 oodioe
785 4483 958 4568 archetypo
982 4480 1060 4566 quid
1081 4481 1175 4547 fuerit
1195 4486 1261 4546 non
1282 4499 1374 4546 eons-

266 4586 338 4646 tat:
361 4599 467 4665 neque
489 4581 584 4649 refert
606 4583 705 4650 seire.

340 4689 428 4755 241.
461 4707 653 4753 suessona
682 4709 770 4753 raus
797 4709 1037 4762 rasnrsour.
1071 4688 1203 4752 Faetum
1232 4683 1266 4749 in
1296 4704 1374 4770 qua-
