3509 5442
324 572 386 639 lan
859 566 889 632 11

321 741 356 805 iu
361 721 597 825 paruaspartis
609 737 798 824 discerpitur
807 750 948 818 estrum5
961 733 1048 818 quod
1060 732 1135 817 quia
1146 748 1245 799 sanae
1257 734 1372 800 mentis
1382 735 1429 799 in-

321 839 439 906 dicium
460 839 574 915 habet,
591 837 746 919 Forbiger
767 858 808 902 ne
830 837 1071 905 commemorari
1091 835 1220 920 quidem
1242 854 1339 919 posse
1362 836 1429 919 opi-

321 945 415 1007 natus
437 940 552 1006 tacuit.
576 944 609 1003 at
631 959 701 1003 cum
727 939 812 1005 idem
835 940 1052 1007 Wakefieldus
1073 942 1200 1022 praeter
1226 956 1352 1001 omnem
1375 923 1428 1002 rie·

322 1042 501 1108 cessitatem
530 1040 708 1124 scripsisset
730 1066 821 1127 quom
844 1042 1014 1108 distractus
1034 1054 1101 1122 est,
1123 1034 1327 1103 Eichstadius
1357 1039 1428 1104 sine

322 1164 412 1209 mora
434 1143 508 1209 fecit
530 1145 731 1224 distractast,
753 1143 929 1226 Forbiger,
945 1149 980 1209 ut
1002 1139 1202 1224 diligentiam
1224 1139 1428 1217 ostenderet,

323 1265 393 1310 cum
416 1245 506 1330 apice
528 1245 740 1309 distructu'st:
757 1242 816 1310 sed
830 1244 999 1310 Lucretius
1020 1248 1125 1309 utrum
1151 1261 1189 1307 eo
1212 1238 1307 1305 modo
1329 1241 1428 1307 verba

322 1347 509 1412 contrahere
537 1343 736 1410 consueverit
764 1365 939 1431 quaerere,
959 1345 993 1411 id
1015 1365 1090 1410 vero
1118 1344 1151 1408 hi
1178 1342 1302 1407 nobiles
1329 1341 1428 1408 critici

322 1448 438 1513 nimiae
472 1453 503 1511 et
527 1446 656 1530 putidae
679 1444 865 1528 diligentiae
892 1467 964 1512 esse
986 1447 1186 1523 iudicantes,
1207 1450 1273 1509 toto
1296 1444 1427 1509 saeculo

322 1556 354 1614 et
381 1549 517 1632 amplius
544 1552 655 1633 poetas
680 1547 714 1610 in
742 1547 890 1613 versibus
916 1548 1110 1614 hexametris
1136 1546 1317 1632 pangendis
1350 1545 1428 1610 nihil

322 1655 463 1715 mutasse
484 1650 626 1732 lingrmt.
644 1646 738 1712 Ennii
761 1648 843 1713 enim
866 1649 946 1715 haec
967 1657 1041 1716 sunt
1061 1649 1148 1734 apud
1166 1651 1296 1714 Festum
1309 1669 1341 1732 p.
1357 1653 1427 1732 166,

323 1755 364 1820 29
377 1756 409 1816 et
422 1755 492 1831 178,
507 1757 560 1830 15,
572 1752 663 1815 Alter
677 1774 755 1816 aare
765 1742 868 1838 cupit,
882 1754 962 1818 alter
971 1778 1116 1841 pupaare
1123 1764 1286 1839 paratust,
1302 1753 1369 1816 Hic
1380 1774 1428 1815 oc·

323 1877 415 1918 casus
427 1853 520 1919 datas
532 1866 584 1936 est,
597 1866 630 1917 at
638 1853 767 1918 &aaut
778 1853 916 1917 inclutus
926 1855 1019 1937 saltu,
1030 1854 1106 1919 item
1116 1853 1150 1917 in
1158 1851 1322 1918 Ciceronis
1329 1853 1427 1916 Bruto

321 1958 364 2023 58
378 1959 409 2019 et
420 1953 453 2018 in
466 1955 563 2021 Gellii
573 1957 654 2036 xn,2
669 1955 698 2018 t's
710 1952 825 2017 dictust
835 1956 908 2021 ollis
919 1958 1129 2043 popularibus
1140 1955 1236 2020 otuu:
1251 1952 1310 2018 sed
1324 1970 1428 2036 neque

321 2050 360 2133 Q.
374 2053 505 2122 Catulus
517 2054 654 2121 scribere
664 2053 785 2137 potuit,
801 2060 836 2117 ut
847 2055 980 2139 opinor,
996 2057 1144 2123 Mortalis
1155 2057 1255 2120 visust
1257 2056 1428 2140 pulchrior

323 2182 388 2223 esse
409 2158 486 2235 dea,
503 2156 561 2221 sed
580 2158 666 2221 auus
677 2204 686 2237 ,
707 2158 738 2218 et
757 2154 894 2221 Varroni
916 2157 1060 2242 imperite
1081 2155 1271 2221 adscribitur
1293 2156 1427 2243 deaique

323 2284 441 2324 auarus
456 2261 534 2339 Quis
548 2257 683 2323 sauust?
697 2255 752 2337 qui
766 2275 877 2322 versus
893 2258 1052 2340 quomodo
1067 2256 1224 2322 formandi
1238 2263 1347 2323 essent
1361 2257 1427 2322 dixi

323 2377 420 2443 supra
445 2357 488 2423 ad
513 2376 639 2424 versum
661 2354 755 2422 huius
776 2355 849 2421 libri
873 2362 933 2428 181
954 2409 961 2424 .
983 2359 1115 2425 monstri
1143 2377 1219 2424 vero
1247 2358 1351 2425 simile
1380 2364 1428 2425 est

322 2459 410 2543 quod
432 2459 606 2525 Scriverius
627 2463 789 2540 tamquam
810 2460 1011 2526 Lucilianum
1033 2459 1171 2526 Martiali
1191 2459 1314 2525 infirlsit
1334 2460 1369 2525 in
1384 2484 1427 2540 xi,

322 2567 384 2640 90,
401 2563 451 2627 tte
461 2564 531 2627 situ'
543 2561 821 2647 Metroptaues'st5
836 2580 907 2626 curn
919 2562 996 2628 satis
1007 2566 1180 2647 appareat,
1197 2561 1283 2644 quod
1297 2561 1429 2628 Schnei-

322 2660 483 2728 dewinum
504 2680 569 2727 non
590 2660 852 2728 animadvertisse
873 2663 990 2748 miror,
1010 2665 1043 2728 in
1063 2662 1178 2728 Lucilii
1199 2663 1333 2728 disticho
1357 2683 1428 2730 sen—

321 2763 451 2830 tentiam
479 2763 607 2847 plenam
633 2780 697 2827 non
722 2762 854 2842 inesse,
876 2762 934 2829 sed
960 2763 1089 2830 aliunde
1110 2765 1300 2849 pendentem
1318 2815 1326 2843 ,
1345 2765 1428 2829 Mar-

321 2865 429 2931 tialem
452 2869 557 2930 autem
580 2863 746 2948 scripsisse
772 2864 816 2929 Et
837 2867 898 2929 tt'bt‘
917 2866 1062 2932 Maeonio
1084 2890 1206 2954 quoquc
1227 2865 1307 2952 (non
1328 2865 1427 2952 qaod)

322 2968 462 3033 carradae
472 2967 576 3029 marita
587 2965 717 3030 babetur
732 2965 872 3031 ‘Lucet'lt'
880 2967 1064 3051 columella,
1080 2969 1130 3033 bac
1145 2967 1235 3047 st'tu',
1248 2969 1427 3055 Metropha-

321 3070 383 3134 ues’
396 3117 404 3132 .
419 3067 528 3149 itaque
548 3064 582 3130 in
603 3085 698 3132 versu
713 3066 854 3132 Lucretii
876 3067 1059 3134 distractast
1072 3068 1201 3152 probari
1221 3088 1288 3133 non
1311 3067 1427 3134 debet.

321 3186 426 3250 neque
447 3187 522 3232 vero
545 3181 669 3234 estruuu
685 3167 736 3233 hio
758 3168 898 3234 scribere
920 3169 1022 3253 potuit
1043 3176 1158 3254 pueta3
1181 3170 1268 3252 quod
1290 3174 1338 3236 est
1359 3191 1428 3236 mo·

320 3267 526 3335 laetissimum
553 3267 746 3335 intolerabili
771 3271 941 3335 verborum
963 3270 1177 3352 abundantia,
1199 3287 1335 3357 ostrum,
1350 3298 1428 3361 pur-

317 3395 404 3458 pura
416 3419 425 3453 ,
434 3371 666 3460 poeniceusque
681 3373 783 3438 color.
803 3370 880 3436 mihi
894 3371 991 3453 igitur
1005 3392 1130 3458 semper
1143 3373 1309 3461 probabile
1322 3374 1428 3440 visum

321 3477 392 3550 est,
408 3471 463 3535 ubi
485 3496 599 3538 aarum
620 3473 756 3556 legitur,
772 3474 890 3539 dehere
912 3493 983 3538 esse
1000 3500 1164 3563 purpurae
1174 3527 1183 3559 ,
1200 3476 1262 3541 hoc
1283 3482 1332 3541 est
1353 3497 1428 3560 pur·

319 3592 438 3659 pureae
460 3574 577 3654 vestis,
594 3574 775 3659 epitheton,
792 3573 888 3658 quale
909 3582 995 3640 esset
1015 3578 1253 3644 ardeus:·nunc
1275 3579 1428 3661 quoniam

321 3701 452 3744 auream
460 3702 644 3764 purpurare
664 3677 699 3741 in
720 3696 814 3742 versu
831 3683 895 3747 502
909 3677 1066 3761 legimus,
1083 3679 1135 3744 hic
1150 3697 1277 3761 quoque
1298 3679 1429 3745 verissi-

321 3799 407 3844 mum
419 3779 501 3846 duco
513 3779 704 3866 discerpitur
718 3801 839 3844 susus
851 3783 1004 3867 Purpura
1018 3830 1025 3846 .
1042 3801 1115 3846 nam
1127 3781 1182 3863 qui
1195 3781 1229 3846 in
1239 3800 1353 3848 versus
1364 3783 1429 3850 tine

320 3881 428 3965 posuit
442 3883 569 3965 amaia,
585 3887 621 3947 ut
636 3881 701 3947 dixi
716 3885 758 3949 ad
772 3881 887 3946 librum
901 3906 923 3961 1,
938 3887 1039 3962 1106,
1054 3882 1139 3949 idem
1154 3882 1269 3949 eodem
1283 3885 1355 3949 loco
1371 3905 1429 3970 po·

321 4002 397 4049 nere
412 3981 514 4067 potuit
529 4009 628 4050 aurea
638 4011 650 4070 ,·
667 4004 730 4067 quo
752 3987 797 4051 its
812 3984 961 4050 Ovidium
982 3985 1017 4051 in
1038 3991 1163 4049 metam.
1179 4008 1235 4065 x11,
1248 3990 1311 4054 395
1333 4006 1428 4052 usum

318 4084 419 4150 rideri
446 4085 552 4149 notavi
574 4085 617 4150 ad
636 4086 731 4153 huius
751 4086 824 4152 libri
847 4106 974 4152 versum
992 4092 1072 4156 118.
1088 4087 1164 4152 item
1185 4087 1337 4152 Horatius
1359 4108 1428 4154 ser·

319 4204 448 4251 monum
462 4206 496 4263 11,
508 4188 538 4265 2,
550 4184 591 4252 21
613 4211 712 4274 aeque
735 4203 857 4271 ostrea,
880 4188 935 4271 qui
960 4188 994 4252 in
1022 4188 1083 4254 hac
1105 4189 1262 4254 Lucilium
1285 4190 1429 4272 sequitur

321 4285 422 4372 (apud
431 4286 461 4351 N
463 4286 569 4351 onium
580 4306 611 4370 p.
622 4292 695 4368 216,
710 4294 749 4359 15
761 4290 842 4377 qaid
852 4292 945 4376 erpo?
955 4293 1001 4355 st‘c
1013 4294 1085 4356 erit.
1098 4304 1200 4356 ostrea
1212 4292 1429 4377 Oopaort’tflu-

319 4392 405 4455 oium
418 4390 527 4454 limam
538 4413 576 4453 ac
587 4413 717 4456 cacatum
728 4416 839 4479 sapere
848 4394 953 4479 disum
963 4417 975 4475 ,·
988 4391 1044 4473 ubi
1053 4391 1127 4456 libri
1138 4391 1218 4478 qaid
1228 4417 1283 4479 epo
1293 4395 1429 4461 sicerae

320 4491 436 4577 cabaa)
448 4541 458 4575 ,
473 4489 634 4572 Vergilius
646 4506 674 4557 et
684 4494 829 4559 Ismarus
840 4493 986 4580 Orphea,
1002 4519 1190 4581 saevumque
1204 4496 1372 4581 Tppdiiea,
1386 4495 1429 4562 si-

318 4590 407 4658 milia
421 4590 495 4657 alii.
511 4591 591 4659 haee
605 4599 711 4659 autem
724 4593 823 4660 vestis
837 4614 998 4679 purpurea
1013 4595 1164 4678 quoniam
1178 4594 1297 4662 rectius
1302 4597 1430 4682 filatim

319 4694 460 4762 durati
466 4692 581 4761 dicitur
592 4714 688 4780 quam
703 4695 792 4764 color
801 4694 975 4780 poeniceus
986 4697 1048 4786 (sic
1057 4697 1092 4763 in
1106 4720 1137 4779 v,
1151 4699 1232 4767 1421
1245 4696 1287 4765 de
1296 4697 1429 4784 pellicia
