<?xml version="1.0" encoding="UTF-8"?>
<!DOCTYPE html PUBLIC "-//W3C//DTD XHTML 1.0 Transitional//EN"
    "http://www.w3.org/TR/xhtml1/DTD/xhtml1-transitional.dtd">
<html xmlns="http://www.w3.org/1999/xhtml" xml:lang="en" lang="en">
 <head>
  <title>
</title>
<meta http-equiv="Content-Type" content="text/html;charset=utf-8" />
  <meta name='ocr-system' content='tesseract 3.04.00' />
  <meta name='ocr-capabilities' content='ocr_page ocr_carea ocr_par ocr_line ocrx_word'/>
</head>
<body>
  <div class='ocr_page' id='page_1' title='image "./carolilachmanni00lachgoog_0112.png"; bbox 0 0 3509 5442; ppageno 0'>
   <div class='ocr_carea' id='block_1_1' title="bbox 408 541 970 610">
    <p class='ocr_par' dir='ltr' id='par_1_1' title="bbox 408 541 970 610">
     <span class='ocr_line' id='line_1_1' title="bbox 408 541 970 610; baseline -0.011 -1"><span class='ocrx_word' id='word_1_1' title='bbox 408 546 469 610; x_wconf 88' lang='grc'><strong>106</strong></span> <span class='ocrx_word' id='word_1_2' title='bbox 940 541 970 603; x_wconf 89' lang='lat'><strong>11</strong></span> 
     </span>
    </p>
   </div>
   <div class='ocr_carea' id='block_1_2' title="bbox 397 709 1513 2720">
    <p class='ocr_par' dir='ltr' id='par_1_2' title="bbox 397 709 1513 2720">
     <span class='ocr_line' id='line_1_2' title="bbox 405 709 1512 793; baseline -0.004 -17"><span class='ocrx_word' id='word_1_3' title='bbox 405 712 482 776; x_wconf 87' lang='lat' dir='ltr'><strong>nihil</strong></span> <span class='ocrx_word' id='word_1_4' title='bbox 509 712 666 790; x_wconf 85' lang='lat' dir='ltr'><strong>interest,</strong></span> <span class='ocrx_word' id='word_1_5' title='bbox 690 711 838 793; x_wconf 89' lang='lat' dir='ltr'><strong>quoniam</strong></span> <span class='ocrx_word' id='word_1_6' title='bbox 869 716 988 775; x_wconf 87' lang='lat' dir='ltr'><strong>atonon</strong></span> <span class='ocrx_word' id='word_1_7' title='bbox 1015 715 1064 774; x_wconf 86' lang='lat' dir='ltr'><strong>est</strong></span> <span class='ocrx_word' id='word_1_8' title='bbox 1090 709 1152 774; x_wconf 94' lang='lat' dir='ltr'><strong>hoc</strong></span> <span class='ocrx_word' id='word_1_9' title='bbox 1183 724 1218 774; x_wconf 82' lang='lat' dir='ltr'><strong>ut</strong></span> <span class='ocrx_word' id='word_1_10' title='bbox 1244 709 1512 792; x_wconf 82' lang='lat' dir='ltr'><strong>monosyllabon,</strong></span> 
     </span>
     <span class='ocr_line' id='line_1_3' title="bbox 406 809 1513 897; baseline -0.006 -19"><span class='ocrx_word' id='word_1_11' title='bbox 406 814 492 896; x_wconf 88' lang='lat' dir='ltr'><strong>quod</strong></span> <span class='ocrx_word' id='word_1_12' title='bbox 518 814 785 897; x_wconf 79' lang='lat' dir='ltr'><strong>comparationem</strong></span> <span class='ocrx_word' id='word_1_13' title='bbox 811 813 931 877; x_wconf 90' lang='lat' dir='ltr'><strong>indicat</strong></span> <span class='ocrx_word' id='word_1_14' title='bbox 950 863 956 874; x_wconf 94' lang='lat'><strong>.</strong></span> <span class='ocrx_word' id='word_1_15' title='bbox 978 813 1085 890; x_wconf 85' lang='lat' dir='ltr'><strong>itaque</strong></span> <span class='ocrx_word' id='word_1_16' title='bbox 1111 811 1146 874; x_wconf 93' lang='lat' dir='ltr'><strong>in</strong></span> <span class='ocrx_word' id='word_1_17' title='bbox 1171 811 1261 875; x_wconf 89' lang='lat' dir='ltr'><strong>libris</strong></span> <span class='ocrx_word' id='word_1_18' title='bbox 1284 809 1513 891; x_wconf 80' lang='lat' dir='ltr'><strong>antiquissimis</strong></span> 
     </span>
     <span class='ocr_line' id='line_1_4' title="bbox 405 910 1512 979; baseline -0.005 0"><span class='ocrx_word' id='word_1_19' title='bbox 405 918 486 979; x_wconf 77' lang='lat' dir='ltr'><strong>sicut</strong></span> <span class='ocrx_word' id='word_1_20' title='bbox 506 915 539 978; x_wconf 93' lang='lat' dir='ltr'><strong>in</strong></span> <span class='ocrx_word' id='word_1_21' title='bbox 561 915 665 978; x_wconf 90' lang='lat' dir='ltr'><strong>littera</strong></span> <span class='ocrx_word' id='word_1_22' title='bbox 686 916 828 979; x_wconf 87' lang='lat' dir='ltr'><strong>secunda</strong></span> <span class='ocrx_word' id='word_1_23' title='bbox 849 916 932 979; x_wconf 87' lang='lat' dir='ltr'><strong>inter</strong></span> <span class='ocrx_word' id='word_1_24' title='bbox 953 914 1017 978; x_wconf 92' lang='lat' dir='ltr'><strong>duo</strong></span> <span class='ocrx_word' id='word_1_25' title='bbox 1040 932 1150 977; x_wconf 87' lang='lat' dir='ltr'><strong>versus</strong></span> <span class='ocrx_word' id='word_1_26' title='bbox 1171 910 1307 976; x_wconf 85' lang='lat' dir='ltr'><strong>divisum</strong></span> <span class='ocrx_word' id='word_1_27' title='bbox 1322 911 1512 976; x_wconf 80' lang='lat' dir='ltr'><strong>observavi:</strong></span> 
     </span>
     <span class='ocr_line' id='line_1_5' title="bbox 405 1016 1512 1098; baseline -0.004 -18"><span class='ocrx_word' id='word_1_28' title='bbox 405 1035 464 1080; x_wconf 95' lang='lat' dir='ltr'><strong>nec</strong></span> <span class='ocrx_word' id='word_1_29' title='bbox 485 1016 589 1080; x_wconf 92' lang='lat' dir='ltr'><strong>minus</strong></span> <span class='ocrx_word' id='word_1_30' title='bbox 610 1022 694 1080; x_wconf 89' lang='lat' dir='ltr'><strong>recte</strong></span> <span class='ocrx_word' id='word_1_31' title='bbox 709 1017 859 1081; x_wconf 89' lang='lat' dir='ltr'><strong>Horatius</strong></span> <span class='ocrx_word' id='word_1_32' title='bbox 875 1034 1056 1081; x_wconf 85' lang='lat' dir='ltr'><strong>sermonum</strong></span> <span class='ocrx_word' id='word_1_33' title='bbox 1071 1037 1103 1096; x_wconf 81' lang='lat'><strong>11,</strong></span> <span class='ocrx_word' id='word_1_34' title='bbox 1116 1017 1147 1092; x_wconf 78' lang='lat'><strong>2,</strong></span> <span class='ocrx_word' id='word_1_35' title='bbox 1160 1019 1201 1081; x_wconf 87' lang='grc'><strong>68</strong></span> <span class='ocrx_word' id='word_1_36' title='bbox 1223 1019 1297 1098; x_wconf 90' lang='lat' dir='ltr'><strong>post</strong></span> <span class='ocrx_word' id='word_1_37' title='bbox 1317 1016 1365 1077; x_wconf 77' lang='lat' dir='ltr'><strong>sic</strong></span> <span class='ocrx_word' id='word_1_38' title='bbox 1387 1031 1512 1076; x_wconf 83' lang='lat' dir='ltr'><strong>versum</strong></span> 
     </span>
     <span class='ocr_line' id='line_1_6' title="bbox 405 1113 1512 1201; baseline -0.003 -21"><span class='ocrx_word' id='word_1_39' title='bbox 405 1117 534 1196; x_wconf 86' lang='lat' dir='ltr'><strong>incidit,</strong></span> <span class='ocrx_word' id='word_1_40' title='bbox 549 1117 669 1182; x_wconf 80' lang='lat' dir='ltr'><strong>Saccus</strong></span> <span class='ocrx_word' id='word_1_41' title='bbox 691 1121 770 1195; x_wconf 80' lang='lat' dir='ltr'><strong>erit,</strong></span> <span class='ocrx_word' id='word_1_42' title='bbox 786 1143 841 1182; x_wconf 83' lang='lat' dir='ltr'><strong>aec</strong></span> <span class='ocrx_word' id='word_1_43' title='bbox 863 1121 909 1182; x_wconf 79' lang='lat' dir='ltr'><strong>sic</strong></span> <span class='ocrx_word' id='word_1_44' title='bbox 935 1130 970 1181; x_wconf 83' lang='lat' dir='ltr'><strong>at</strong></span> <span class='ocrx_word' id='word_1_45' title='bbox 984 1117 1120 1201; x_wconf 68' lang='lat' dir='ltr'><strong>comples</strong></span> <span class='ocrx_word' id='word_1_46' title='bbox 1134 1116 1275 1179; x_wconf 75' lang='lat' dir='ltr'><strong>Naeuiae</strong></span> <span class='ocrx_word' id='word_1_47' title='bbox 1289 1129 1440 1178; x_wconf 77' lang='lat' dir='ltr'><strong>auctam.</strong></span> <span class='ocrx_word' id='word_1_48' title='bbox 1458 1113 1512 1177; x_wconf 83' lang='lat' dir='ltr'><strong>scd</strong></span> 
     </span>
     <span class='ocr_line' id='line_1_7' title="bbox 406 1214 1511 1300; baseline -0.004 -18"><span class='ocrx_word' id='word_1_49' title='bbox 406 1239 461 1282; x_wconf 94' lang='lat' dir='ltr'><strong>cur</strong></span> <span class='ocrx_word' id='word_1_50' title='bbox 475 1225 598 1283; x_wconf 88' lang='lat' dir='ltr'><strong>veteres</strong></span> <span class='ocrx_word' id='word_1_51' title='bbox 615 1218 673 1282; x_wconf 91' lang='lat' dir='ltr'><strong>suh</strong></span> <span class='ocrx_word' id='word_1_52' title='bbox 689 1239 752 1281; x_wconf 93' lang='lat' dir='ltr'><strong>uno</strong></span> <span class='ocrx_word' id='word_1_53' title='bbox 765 1226 898 1283; x_wconf 88' lang='lat' dir='ltr'><strong>accentu</strong></span> <span class='ocrx_word' id='word_1_54' title='bbox 913 1222 1010 1283; x_wconf 65' lang='lat' dir='ltr'><strong>sicea·</strong></span> <span class='ocrx_word' id='word_1_55' title='bbox 1021 1217 1126 1300; x_wconf 91' lang='lat' dir='ltr'><strong>potius</strong></span> <span class='ocrx_word' id='word_1_56' title='bbox 1142 1214 1261 1280; x_wconf 84' lang='lat' dir='ltr'><strong>dixisse</strong></span> <span class='ocrx_word' id='word_1_57' title='bbox 1272 1215 1402 1280; x_wconf 90' lang='lat' dir='ltr'><strong>credam</strong></span> <span class='ocrx_word' id='word_1_58' title='bbox 1419 1235 1511 1296; x_wconf 88' lang='lat' dir='ltr'><strong>quam</strong></span> 
     </span>
     <span class='ocr_line' id='line_1_8' title="bbox 405 1316 1511 1402; baseline -0.003 -19"><span class='ocrx_word' id='word_1_59' title='bbox 405 1327 452 1384; x_wconf 77' lang='lat' dir='ltr'><strong>etc</strong></span> <span class='ocrx_word' id='word_1_60' title='bbox 473 1324 545 1402; x_wconf 76' lang='lat' dir='ltr'><strong>etti,</strong></span> <span class='ocrx_word' id='word_1_61' title='bbox 563 1319 683 1383; x_wconf 90' lang='lat' dir='ltr'><strong>nullam</strong></span> <span class='ocrx_word' id='word_1_62' title='bbox 712 1338 842 1383; x_wconf 88' lang='lat' dir='ltr'><strong>causam</strong></span> <span class='ocrx_word' id='word_1_63' title='bbox 863 1319 1005 1384; x_wconf 87' lang='lat' dir='ltr'><strong>invenire</strong></span> <span class='ocrx_word' id='word_1_64' title='bbox 1027 1337 1177 1401; x_wconf 87' lang='lat' dir='ltr'><strong>possum:</strong></span> <span class='ocrx_word' id='word_1_65' title='bbox 1200 1338 1274 1381; x_wconf 92' lang='lat' dir='ltr'><strong>nam</strong></span> <span class='ocrx_word' id='word_1_66' title='bbox 1296 1316 1511 1398; x_wconf 77' lang='lat' dir='ltr'><strong>grammaticis</strong></span> 
     </span>
     <span class='ocr_line' id='line_1_9' title="bbox 405 1416 1511 1502; baseline -0.001 -20"><span class='ocrx_word' id='word_1_67' title='bbox 405 1418 480 1482; x_wconf 91' lang='lat' dir='ltr'><strong>inde</strong></span> <span class='ocrx_word' id='word_1_68' title='bbox 508 1439 528 1482; x_wconf 88' lang='lat' dir='ltr'><strong>a</strong></span> <span class='ocrx_word' id='word_1_69' title='bbox 549 1439 634 1482; x_wconf 91' lang='lat' dir='ltr'><strong>nono</strong></span> <span class='ocrx_word' id='word_1_70' title='bbox 657 1425 729 1502; x_wconf 91' lang='lat' dir='ltr'><strong>post</strong></span> <span class='ocrx_word' id='word_1_71' title='bbox 752 1420 910 1485; x_wconf 84' lang='lat' dir='ltr'><strong>Christum</strong></span> <span class='ocrx_word' id='word_1_72' title='bbox 933 1420 1061 1485; x_wconf 90' lang='lat' dir='ltr'><strong>saeculo</strong></span> <span class='ocrx_word' id='word_1_73' title='bbox 1085 1419 1244 1499; x_wconf 90' lang='lat' dir='ltr'><strong>quomodo</strong></span> <span class='ocrx_word' id='word_1_74' title='bbox 1267 1418 1427 1482; x_wconf 88' lang='lat' dir='ltr'><strong>vocabula</strong></span> <span class='ocrx_word' id='word_1_75' title='bbox 1453 1416 1511 1481; x_wconf 84' lang='lat' dir='ltr'><strong>dis</strong></span> 
     </span>
     <span class='ocr_line' id='line_1_10' title="bbox 405 1519 1511 1600; baseline -0.001 -17"><span class='ocrx_word' id='word_1_76' title='bbox 405 1520 551 1600; x_wconf 89' lang='lat' dir='ltr'><strong>tinguere</strong></span> <span class='ocrx_word' id='word_1_77' title='bbox 566 1520 693 1585; x_wconf 84' lang='lat' dir='ltr'><strong>libuerit</strong></span> <span class='ocrx_word' id='word_1_78' title='bbox 708 1541 773 1584; x_wconf 95' lang='lat' dir='ltr'><strong>non</strong></span> <span class='ocrx_word' id='word_1_79' title='bbox 787 1542 883 1587; x_wconf 88' lang='lat' dir='ltr'><strong>curo.</strong></span> <span class='ocrx_word' id='word_1_80' title='bbox 900 1523 963 1587; x_wconf 89' lang='lat' dir='ltr'><strong>iam</strong></span> <span class='ocrx_word' id='word_1_81' title='bbox 986 1541 1061 1585; x_wconf 90' lang='lat' dir='ltr'><strong>vero</strong></span> <span class='ocrx_word' id='word_1_82' title='bbox 1084 1523 1130 1585; x_wconf 78' lang='lat' dir='ltr'><strong>sic</strong></span> <span class='ocrx_word' id='word_1_83' title='bbox 1144 1525 1195 1586; x_wconf 78' lang='lat' dir='ltr'><strong>ati</strong></span> <span class='ocrx_word' id='word_1_84' title='bbox 1212 1520 1246 1583; x_wconf 91' lang='lat' dir='ltr'><strong>in</strong></span> <span class='ocrx_word' id='word_1_85' title='bbox 1260 1539 1355 1584; x_wconf 83' lang='lat' dir='ltr'><strong>versu</strong></span> <span class='ocrx_word' id='word_1_86' title='bbox 1366 1519 1511 1583; x_wconf 85' lang='lat' dir='ltr'><strong>hexame-</strong></span> 
     </span>
     <span class='ocr_line' id='line_1_11' title="bbox 405 1623 1511 1706; baseline 0 -22"><span class='ocrx_word' id='word_1_87' title='bbox 405 1626 455 1684; x_wconf 90' lang='lat' dir='ltr'><strong>tro</strong></span> <span class='ocrx_word' id='word_1_88' title='bbox 478 1628 551 1685; x_wconf 88' lang='lat' dir='ltr'><strong>ante</strong></span> <span class='ocrx_word' id='word_1_89' title='bbox 574 1640 747 1686; x_wconf 90' lang='lat' dir='ltr'><strong>consonam</strong></span> <span class='ocrx_word' id='word_1_90' title='bbox 769 1623 845 1704; x_wconf 91' lang='lat' dir='ltr'><strong>poni</strong></span> <span class='ocrx_word' id='word_1_91' title='bbox 867 1644 932 1687; x_wconf 94' lang='lat' dir='ltr'><strong>non</strong></span> <span class='ocrx_word' id='word_1_92' title='bbox 952 1643 1048 1706; x_wconf 89' lang='lat' dir='ltr'><strong>posse</strong></span> <span class='ocrx_word' id='word_1_93' title='bbox 1070 1626 1214 1705; x_wconf 90' lang='lat' dir='ltr'><strong>apertum</strong></span> <span class='ocrx_word' id='word_1_94' title='bbox 1237 1627 1305 1700; x_wconf 89' lang='lat' dir='ltr'><strong>cst,</strong></span> <span class='ocrx_word' id='word_1_95' title='bbox 1324 1628 1400 1686; x_wconf 83' lang='lat' dir='ltr'><strong>ante</strong></span> <span class='ocrx_word' id='word_1_96' title='bbox 1421 1640 1511 1685; x_wconf 86' lang='lat' dir='ltr'><strong>voca·</strong></span> 
     </span>
     <span class='ocr_line' id='line_1_12' title="bbox 406 1722 1510 1807; baseline 0 -23"><span class='ocrx_word' id='word_1_97' title='bbox 406 1722 468 1786; x_wconf 89' lang='lat' dir='ltr'><strong>lem</strong></span> <span class='ocrx_word' id='word_1_98' title='bbox 496 1743 591 1804; x_wconf 87' lang='lat' dir='ltr'><strong>quam</strong></span> <span class='ocrx_word' id='word_1_99' title='bbox 617 1743 681 1786; x_wconf 91' lang='lat' dir='ltr'><strong>non</strong></span> <span class='ocrx_word' id='word_1_100' title='bbox 707 1723 801 1787; x_wconf 90' lang='lat' dir='ltr'><strong>facilc</strong></span> <span class='ocrx_word' id='word_1_101' title='bbox 828 1723 951 1787; x_wconf 89' lang='lat' dir='ltr'><strong>admitti</strong></span> <span class='ocrx_word' id='word_1_102' title='bbox 972 1724 1074 1807; x_wconf 90' lang='lat' dir='ltr'><strong>possit</strong></span> <span class='ocrx_word' id='word_1_103' title='bbox 1100 1723 1141 1786; x_wconf 85' lang='lat' dir='ltr'><strong>ad</strong></span> <span class='ocrx_word' id='word_1_104' title='bbox 1168 1744 1294 1789; x_wconf 89' lang='lat' dir='ltr'><strong>versum</strong></span> <span class='ocrx_word' id='word_1_105' title='bbox 1318 1722 1415 1788; x_wconf 92' lang='lat' dir='ltr'><strong>huius</strong></span> <span class='ocrx_word' id='word_1_106' title='bbox 1442 1722 1510 1786; x_wconf 89' lang='lat' dir='ltr'><strong>libri</strong></span> 
     </span>
     <span class='ocr_line' id='line_1_13' title="bbox 406 1822 1509 1912; baseline -0.002 -21"><span class='ocrx_word' id='word_1_107' title='bbox 406 1827 469 1891; x_wconf 79' lang='lat'><strong>322</strong></span> <span class='ocrx_word' id='word_1_108' title='bbox 492 1822 581 1887; x_wconf 86' lang='lat' dir='ltr'><strong>dixi.</strong></span> <span class='ocrx_word' id='word_1_109' title='bbox 602 1824 709 1905; x_wconf 89' lang='lat' dir='ltr'><strong>itaque</strong></span> <span class='ocrx_word' id='word_1_110' title='bbox 729 1825 791 1889; x_wconf 90' lang='lat' dir='ltr'><strong>hoc</strong></span> <span class='ocrx_word' id='word_1_111' title='bbox 812 1826 884 1890; x_wconf 89' lang='lat' dir='ltr'><strong>loco</strong></span> <span class='ocrx_word' id='word_1_112' title='bbox 910 1833 995 1889; x_wconf 87' lang='lat' dir='ltr'><strong>recte</strong></span> <span class='ocrx_word' id='word_1_113' title='bbox 1017 1825 1180 1891; x_wconf 89' lang='lat' dir='ltr'><strong>Bentleius</strong></span> <span class='ocrx_word' id='word_1_114' title='bbox 1202 1826 1315 1889; x_wconf 84' lang='lat' dir='ltr'><strong>Srcur</strong></span> <span class='ocrx_word' id='word_1_115' title='bbox 1342 1825 1509 1912; x_wconf 70' lang='lat' dir='ltr'><strong>quadrupe-</strong></span> 
     </span>
     <span class='ocr_line' id='line_1_14' title="bbox 406 1925 1510 2011; baseline 0 -22"><span class='ocrx_word' id='word_1_116' title='bbox 406 1925 480 1990; x_wconf 82' lang='lat' dir='ltr'><strong>dem</strong></span> <span class='ocrx_word' id='word_1_117' title='bbox 499 1975 506 1989; x_wconf 91' lang='lat'>.</span> <span class='ocrx_word' id='word_1_118' title='bbox 528 1925 585 1990; x_wconf 90' lang='lat' dir='ltr'><strong>sed</strong></span> <span class='ocrx_word' id='word_1_119' title='bbox 607 1926 807 2007; x_wconf 85' lang='lat' dir='ltr'><strong>grammatici</strong></span> <span class='ocrx_word' id='word_1_120' title='bbox 834 1927 934 1991; x_wconf 87' lang='lat' dir='ltr'><strong>nostri</strong></span> <span class='ocrx_word' id='word_1_121' title='bbox 956 1933 1067 2011; x_wconf 75' lang='lat' dir='ltr'><strong>poetas</strong></span> <span class='ocrx_word' id='word_1_122' title='bbox 1091 1927 1245 2008; x_wconf 89' lang='lat' dir='ltr'><strong>quosdam</strong></span> <span class='ocrx_word' id='word_1_123' title='bbox 1273 1926 1510 2008; x_wconf 83' lang='lat' dir='ltr'><strong>antiquissimos</strong></span> 
     </span>
     <span class='ocr_line' id='line_1_15' title="bbox 405 2026 1510 2095; baseline 0.001 -6"><span class='ocrx_word' id='word_1_124' title='bbox 405 2026 438 2090; x_wconf 94' lang='lat' dir='ltr'><strong>in</strong></span> <span class='ocrx_word' id='word_1_125' title='bbox 460 2026 520 2090; x_wconf 90' lang='lat' dir='ltr'><strong>hac</strong></span> <span class='ocrx_word' id='word_1_126' title='bbox 542 2047 577 2090; x_wconf 90' lang='lat' dir='ltr'><strong>re</strong></span> <span class='ocrx_word' id='word_1_127' title='bbox 600 2027 713 2091; x_wconf 86' lang='lat' dir='ltr'><strong>ceteris</strong></span> <span class='ocrx_word' id='word_1_128' title='bbox 735 2026 923 2093; x_wconf 86' lang='lat' dir='ltr'><strong>audaciores</strong></span> <span class='ocrx_word' id='word_1_129' title='bbox 945 2027 1046 2093; x_wconf 85' lang='lat' dir='ltr'><strong>fuisse</strong></span> <span class='ocrx_word' id='word_1_130' title='bbox 1067 2029 1197 2095; x_wconf 83' lang='lat' dir='ltr'><strong>volunt.</strong></span> <span class='ocrx_word' id='word_1_131' title='bbox 1214 2035 1246 2093; x_wconf 89' lang='lat' dir='ltr'><strong>et</strong></span> <span class='ocrx_word' id='word_1_132' title='bbox 1266 2048 1378 2093; x_wconf 86' lang='lat' dir='ltr'><strong>verum</strong></span> <span class='ocrx_word' id='word_1_133' title='bbox 1399 2033 1450 2094; x_wconf 90' lang='lat' dir='ltr'><strong>cst</strong></span> <span class='ocrx_word' id='word_1_134' title='bbox 1469 2028 1510 2090; x_wconf 91' lang='lat' dir='ltr'><strong>ita</strong></span> 
     </span>
     <span class='ocr_line' id='line_1_16' title="bbox 405 2120 1511 2216; baseline 0.001 -25"><span class='ocrx_word' id='word_1_135' title='bbox 405 2127 502 2208; x_wconf 88' lang='lat' dir='ltr'><strong>vulgo</strong></span> <span class='ocrx_word' id='word_1_136' title='bbox 519 2127 654 2211; x_wconf 89' lang='lat' dir='ltr'><strong>scriptos</strong></span> <span class='ocrx_word' id='word_1_137' title='bbox 671 2129 826 2210; x_wconf 90' lang='lat' dir='ltr'><strong>quosdam</strong></span> <span class='ocrx_word' id='word_1_138' title='bbox 841 2128 1015 2194; x_wconf 90' lang='lat' dir='ltr'><strong>versiculos</strong></span> <span class='ocrx_word' id='word_1_139' title='bbox 1029 2129 1124 2207; x_wconf 81' lang='lat' dir='ltr'><strong>ferri3</strong></span> <span class='ocrx_word' id='word_1_140' title='bbox 1139 2129 1254 2209; x_wconf 83' lang='lat' dir='ltr'><strong>Ennii,</strong></span> <span class='ocrx_word' id='word_1_141' title='bbox 1270 2131 1323 2196; x_wconf 79' lang='lat' dir='ltr'><strong>Sic</strong></span> <span class='ocrx_word' id='word_1_142' title='bbox 1333 2120 1401 2194; x_wconf 71' lang='lat' dir='ltr'><strong>&#39;atr‘</strong></span> <span class='ocrx_word' id='word_1_143' title='bbox 1419 2131 1511 2216; x_wconf 70' lang='lat' dir='ltr'><strong>sr’qoi</strong></span> 
     </span>
     <span class='ocr_line' id='line_1_17' title="bbox 397 2230 1512 2316; baseline -0.003 -22"><span class='ocrx_word' id='word_1_144' title='bbox 397 2231 491 2316; x_wconf 83' lang='lat' dir='ltr'><strong>ferat</strong></span> <span class='ocrx_word' id='word_1_145' title='bbox 502 2255 558 2293; x_wconf 81' lang='lat' dir='ltr'><strong>cac</strong></span> <span class='ocrx_word' id='word_1_146' title='bbox 569 2233 640 2295; x_wconf 75' lang='lat' dir='ltr'><strong>cini</strong></span> <span class='ocrx_word' id='word_1_147' title='bbox 649 2230 850 2310; x_wconf 74' lang='lat' dir='ltr'><strong>dimidiatam</strong></span> <span class='ocrx_word' id='word_1_148' title='bbox 862 2281 870 2310; x_wconf 89' lang='lat'>,</span> <span class='ocrx_word' id='word_1_149' title='bbox 886 2230 972 2313; x_wconf 89' lang='lat' dir='ltr'><strong>apud</strong></span> <span class='ocrx_word' id='word_1_150' title='bbox 984 2231 1122 2296; x_wconf 81' lang='lat' dir='ltr'><strong>Gellium</strong></span> <span class='ocrx_word' id='word_1_151' title='bbox 1134 2254 1179 2310; x_wconf 87' lang='lat'>111,</span> <span class='ocrx_word' id='word_1_152' title='bbox 1190 2237 1246 2310; x_wconf 81' lang='lat'>143</span> <span class='ocrx_word' id='word_1_153' title='bbox 1258 2230 1390 2309; x_wconf 88' lang='lat' dir='ltr'><strong>Lucilii,</strong></span> <span class='ocrx_word' id='word_1_154' title='bbox 1402 2231 1512 2296; x_wconf 80' lang='lat' dir='ltr'><strong>Sicuti</strong></span> 
     </span>
     <span class='ocr_line' id='line_1_18' title="bbox 406 2331 1510 2435; baseline 0.002 -41"><span class='ocrx_word' id='word_1_155' title='bbox 406 2355 475 2395; x_wconf 85' lang='lat' dir='ltr'><strong>cam</strong></span> <span class='ocrx_word' id='word_1_156' title='bbox 483 2333 717 2417; x_wconf 76' lang='lat' dir='ltr'><strong>primusflcos,</strong></span> <span class='ocrx_word' id='word_1_157' title='bbox 730 2331 816 2435; x_wconf 70' lang='lat' dir='ltr'><strong>apud</strong></span> <span class='ocrx_word' id='word_1_158' title='bbox 827 2334 857 2396; x_wconf 91' lang='lat' dir='ltr'>N</span> <span class='ocrx_word' id='word_1_159' title='bbox 860 2333 968 2397; x_wconf 91' lang='lat' dir='ltr'><strong>onium</strong></span> <span class='ocrx_word' id='word_1_160' title='bbox 979 2355 1009 2417; x_wconf 88' lang='lat' dir='ltr'><strong>p.</strong></span> <span class='ocrx_word' id='word_1_161' title='bbox 1023 2338 1093 2412; x_wconf 85' lang='lat'>154,</span> <span class='ocrx_word' id='word_1_162' title='bbox 1106 2339 1146 2401; x_wconf 75' lang='lat'><strong>27</strong></span> <span class='ocrx_word' id='word_1_163' title='bbox 1159 2383 1167 2410; x_wconf 94' lang='lat'>,</span> <span class='ocrx_word' id='word_1_164' title='bbox 1183 2340 1215 2398; x_wconf 82' lang='lat' dir='ltr'><strong>ct</strong></span> <span class='ocrx_word' id='word_1_165' title='bbox 1226 2334 1279 2399; x_wconf 75' lang='lat' dir='ltr'><strong>sie</strong></span> <span class='ocrx_word' id='word_1_166' title='bbox 1292 2336 1342 2398; x_wconf 80' lang='lat' dir='ltr'><strong>ate’</strong></span> <span class='ocrx_word' id='word_1_167' title='bbox 1354 2346 1396 2414; x_wconf 84' lang='lat' dir='ltr'><strong>te,</strong></span> <span class='ocrx_word' id='word_1_168' title='bbox 1408 2335 1468 2418; x_wconf 79' lang='lat' dir='ltr'><strong>qai</strong></span> <span class='ocrx_word' id='word_1_169' title='bbox 1476 2357 1510 2397; x_wconf 82' lang='lat' dir='ltr'><strong>ec</strong></span> 
     </span>
     <span class='ocr_line' id='line_1_19' title="bbox 406 2435 1508 2520; baseline 0.003 -26"><span class='ocrx_word' id='word_1_170' title='bbox 406 2456 486 2516; x_wconf 83' lang='lat' dir='ltr'><strong>qaae</strong></span> <span class='ocrx_word' id='word_1_171' title='bbox 497 2435 630 2517; x_wconf 78' lang='lat' dir='ltr'><strong>speciem</strong></span> <span class='ocrx_word' id='word_1_172' title='bbox 641 2436 723 2498; x_wconf 79' lang='lat' dir='ltr'><strong>vitae</strong></span> <span class='ocrx_word' id='word_1_173' title='bbox 735 2459 800 2499; x_wconf 81' lang='lat' dir='ltr'><strong>esce</strong></span> <span class='ocrx_word' id='word_1_174' title='bbox 808 2449 958 2520; x_wconf 79' lang='lat' dir='ltr'><strong>putamus</strong></span> <span class='ocrx_word' id='word_1_175' title='bbox 965 2486 974 2520; x_wconf 86' lang='lat'>,</span> <span class='ocrx_word' id='word_1_176' title='bbox 987 2456 1017 2519; x_wconf 87' lang='lat' dir='ltr'><strong>p.</strong></span> <span class='ocrx_word' id='word_1_177' title='bbox 1030 2440 1105 2512; x_wconf 74' lang='lat'>173,</span> <span class='ocrx_word' id='word_1_178' title='bbox 1119 2439 1169 2513; x_wconf 81' lang='lat'><strong>22,</strong></span> <span class='ocrx_word' id='word_1_179' title='bbox 1181 2435 1256 2499; x_wconf 79' lang='lat' dir='ltr'><strong>item</strong></span> <span class='ocrx_word' id='word_1_180' title='bbox 1268 2436 1322 2501; x_wconf 79' lang='lat' dir='ltr'><strong>Sic</strong></span> <span class='ocrx_word' id='word_1_181' title='bbox 1332 2437 1385 2500; x_wconf 77' lang='lat' dir='ltr'><strong>cti</strong></span> <span class='ocrx_word' id='word_1_182' title='bbox 1392 2436 1508 2500; x_wconf 81' lang='lat' dir='ltr'><strong>mecho·</strong></span> 
     </span>
     <span class='ocr_line' id='line_1_20' title="bbox 406 2534 1510 2622; baseline 0.005 -27"><span class='ocrx_word' id='word_1_183' title='bbox 406 2534 474 2596; x_wconf 75' lang='lat' dir='ltr'><strong>orbi</strong></span> <span class='ocrx_word' id='word_1_184' title='bbox 481 2581 489 2614; x_wconf 86' lang='lat'>,</span> <span class='ocrx_word' id='word_1_185' title='bbox 506 2534 593 2615; x_wconf 90' lang='lat' dir='ltr'><strong>apud</strong></span> <span class='ocrx_word' id='word_1_186' title='bbox 611 2535 741 2600; x_wconf 89' lang='lat' dir='ltr'><strong>Festum</strong></span> <span class='ocrx_word' id='word_1_187' title='bbox 755 2556 786 2618; x_wconf 88' lang='lat' dir='ltr'><strong>p.</strong></span> <span class='ocrx_word' id='word_1_188' title='bbox 799 2540 871 2613; x_wconf 80' lang='lat'>206,</span> <span class='ocrx_word' id='word_1_189' title='bbox 885 2539 924 2602; x_wconf 74' lang='lat'><strong>27</strong></span> <span class='ocrx_word' id='word_1_190' title='bbox 939 2557 946 2614; x_wconf 90' lang='lat'><strong>;</strong></span> <span class='ocrx_word' id='word_1_191' title='bbox 962 2537 1101 2602; x_wconf 90' lang='lat' dir='ltr'><strong>Lucretii</strong></span> <span class='ocrx_word' id='word_1_192' title='bbox 1123 2536 1226 2615; x_wconf 89' lang='lat' dir='ltr'><strong>hunc,</strong></span> <span class='ocrx_word' id='word_1_193' title='bbox 1243 2538 1296 2602; x_wconf 80' lang='lat' dir='ltr'><strong>Sic</strong></span> <span class='ocrx_word' id='word_1_194' title='bbox 1319 2539 1370 2601; x_wconf 79' lang='lat' dir='ltr'><strong>oti</strong></span> <span class='ocrx_word' id='word_1_195' title='bbox 1382 2536 1510 2622; x_wconf 81' lang='lat' dir='ltr'><strong>quadri-</strong></span> 
     </span>
     <span class='ocr_line' id='line_1_21' title="bbox 401 2634 1510 2720; baseline 0.003 -23"><span class='ocrx_word' id='word_1_196' title='bbox 401 2634 520 2719; x_wconf 78' lang='lat' dir='ltr'><strong>pedum</strong></span> <span class='ocrx_word' id='word_1_197' title='bbox 531 2684 539 2716; x_wconf 87' lang='lat'>,</span> <span class='ocrx_word' id='word_1_198' title='bbox 551 2641 583 2700; x_wconf 85' lang='lat' dir='ltr'><strong>et</strong></span> <span class='ocrx_word' id='word_1_199' title='bbox 593 2635 627 2701; x_wconf 91' lang='lat' dir='ltr'><strong>in</strong></span> <span class='ocrx_word' id='word_1_200' title='bbox 637 2660 682 2715; x_wconf 89' lang='lat'>111,</span> <span class='ocrx_word' id='word_1_201' title='bbox 696 2641 757 2706; x_wconf 86' lang='lat'><strong>816</strong></span> <span class='ocrx_word' id='word_1_202' title='bbox 769 2638 823 2704; x_wconf 74' lang='lat' dir='ltr'><strong>Sic</strong></span> <span class='ocrx_word' id='word_1_203' title='bbox 834 2640 885 2702; x_wconf 86' lang='lat' dir='ltr'><strong>ati</strong></span> <span class='ocrx_word' id='word_1_204' title='bbox 893 2663 1086 2703; x_wconf 78' lang='lat' dir='ltr'><strong>summarum</strong></span> <span class='ocrx_word' id='word_1_205' title='bbox 1097 2651 1248 2702; x_wconf 79' lang='lat' dir='ltr'><strong>summast</strong></span> <span class='ocrx_word' id='word_1_206' title='bbox 1257 2662 1269 2720; x_wconf 67' lang='lat'><strong>7·</strong></span> <span class='ocrx_word' id='word_1_207' title='bbox 1282 2635 1358 2700; x_wconf 85' lang='lat' dir='ltr'><strong>item</strong></span> <span class='ocrx_word' id='word_1_208' title='bbox 1369 2637 1404 2701; x_wconf 90' lang='lat' dir='ltr'><strong>in</strong></span> <span class='ocrx_word' id='word_1_209' title='bbox 1414 2637 1510 2701; x_wconf 85' lang='lat' dir='ltr'><strong>Milite</strong></span> 
     </span>
    </p>
   </div>
   <div class='ocr_carea' id='block_1_3' title="bbox 405 2735 1511 3026">
    <p class='ocr_par' dir='ltr' id='par_1_3' title="bbox 405 2735 1511 3026">
     <span class='ocr_line' id='line_1_22' title="bbox 405 2735 1511 2825; baseline 0.001 -26"><span class='ocrx_word' id='word_1_210' title='bbox 405 2735 510 2799; x_wconf 87' lang='lat' dir='ltr'><strong>Plauti</strong></span> <span class='ocrx_word' id='word_1_211' title='bbox 524 2758 570 2820; x_wconf 81' lang='lat'>111,</span> <span class='ocrx_word' id='word_1_212' title='bbox 585 2743 612 2816; x_wconf 86' lang='lat'><strong>1,</strong></span> <span class='ocrx_word' id='word_1_213' title='bbox 628 2744 689 2807; x_wconf 88' lang='grc'><strong>130</strong></span> <span class='ocrx_word' id='word_1_214' title='bbox 704 2740 917 2818; x_wconf 88' lang='lat' dir='ltr'><strong>trochaicum,</strong></span> <span class='ocrx_word' id='word_1_215' title='bbox 934 2741 988 2805; x_wconf 77' lang='lat' dir='ltr'><strong>Sa</strong></span> <span class='ocrx_word' id='word_1_216' title='bbox 1010 2743 1061 2805; x_wconf 82' lang='lat' dir='ltr'><strong>utc’</strong></span> <span class='ocrx_word' id='word_1_217' title='bbox 1075 2741 1321 2825; x_wconf 73' lang='lat' dir='ltr'><strong>merciprdtium</strong></span> <span class='ocrx_word' id='word_1_218' title='bbox 1336 2743 1449 2804; x_wconf 79' lang='lat' dir='ltr'><strong>statuit</strong></span> <span class='ocrx_word' id='word_1_219' title='bbox 1458 2789 1467 2821; x_wconf 84' lang='lat'>,</span> <span class='ocrx_word' id='word_1_220' title='bbox 1484 2743 1511 2801; x_wconf 83' lang='lat' dir='ltr'><strong>ct</strong></span> 
     </span>
     <span class='ocr_line' id='line_1_23' title="bbox 405 2836 1511 2924; baseline 0.005 -23"><span class='ocrx_word' id='word_1_221' title='bbox 405 2836 571 2904; x_wconf 84' lang='lat' dir='ltr'><strong>Asinariac</strong></span> <span class='ocrx_word' id='word_1_222' title='bbox 593 2839 728 2922; x_wconf 89' lang='lat' dir='ltr'><strong>primurn</strong></span> <span class='ocrx_word' id='word_1_223' title='bbox 751 2841 836 2924; x_wconf 91' lang='lat' dir='ltr'><strong>apud</strong></span> <span class='ocrx_word' id='word_1_224' title='bbox 857 2839 998 2904; x_wconf 89' lang='lat' dir='ltr'><strong>Nonium</strong></span> <span class='ocrx_word' id='word_1_225' title='bbox 1012 2861 1043 2923; x_wconf 90' lang='lat' dir='ltr'><strong>p.</strong></span> <span class='ocrx_word' id='word_1_226' title='bbox 1059 2845 1132 2917; x_wconf 85' lang='lat'>393,</span> <span class='ocrx_word' id='word_1_227' title='bbox 1145 2845 1187 2908; x_wconf 76' lang='grc'><strong>20</strong></span> <span class='ocrx_word' id='word_1_228' title='bbox 1209 2841 1262 2906; x_wconf 80' lang='lat' dir='ltr'><strong>Sic</strong></span> <span class='ocrx_word' id='word_1_229' title='bbox 1283 2845 1336 2906; x_wconf 79' lang='lat' dir='ltr'><strong>citi</strong></span> <span class='ocrx_word' id='word_1_230' title='bbox 1354 2855 1444 2907; x_wconf 81' lang='lat' dir='ltr'><strong>taam</strong></span> <span class='ocrx_word' id='word_1_231' title='bbox 1467 2844 1511 2906; x_wconf 70' lang='lat' dir='ltr'><strong>uri</strong></span> 
     </span>
     <span class='ocr_line' id='line_1_24' title="bbox 407 2941 1510 3026; baseline 0.004 -24"><span class='ocrx_word' id='word_1_232' title='bbox 407 2941 533 3004; x_wconf 80' lang='lat' dir='ltr'><strong>unicam</strong></span> <span class='ocrx_word' id='word_1_233' title='bbox 560 2956 669 3007; x_wconf 82' lang='lat' dir='ltr'><strong>natum</strong></span> <span class='ocrx_word' id='word_1_234' title='bbox 691 2957 785 3008; x_wconf 85' lang='lat' dir='ltr'><strong>tuuc.</strong></span> <span class='ocrx_word' id='word_1_235' title='bbox 808 2944 865 3008; x_wconf 86' lang='lat' dir='ltr'><strong>sed</strong></span> <span class='ocrx_word' id='word_1_236' title='bbox 892 2942 1037 3006; x_wconf 83' lang='lat' dir='ltr'><strong>mirabile</strong></span> <span class='ocrx_word' id='word_1_237' title='bbox 1064 2946 1111 3006; x_wconf 85' lang='lat' dir='ltr'><strong>est</strong></span> <span class='ocrx_word' id='word_1_238' title='bbox 1132 2942 1192 3005; x_wconf 82' lang='lat' dir='ltr'><strong>hos</strong></span> <span class='ocrx_word' id='word_1_239' title='bbox 1212 2947 1323 3023; x_wconf 68' lang='lat' dir='ltr'><strong>podiae</strong></span> <span class='ocrx_word' id='word_1_240' title='bbox 1348 2941 1383 3006; x_wconf 91' lang='lat' dir='ltr'><strong>in</strong></span> <span class='ocrx_word' id='word_1_241' title='bbox 1411 2943 1510 3026; x_wconf 90' lang='lat' dir='ltr'><strong>primo</strong></span> 
     </span>
    </p>
   </div>
   <div class='ocr_carea' id='block_1_4' title="bbox 395 3043 1511 4761">
    <p class='ocr_par' dir='ltr' id='par_1_4' title="bbox 395 3043 1511 4761">
     <span class='ocr_line' id='line_1_25' title="bbox 406 3043 1511 3126; baseline 0.002 -22"><span class='ocrx_word' id='word_1_242' title='bbox 406 3044 527 3105; x_wconf 90' lang='lat' dir='ltr'><strong>tantum</strong></span> <span class='ocrx_word' id='word_1_243' title='bbox 554 3043 636 3126; x_wconf 90' lang='lat' dir='ltr'><strong>pede</strong></span> <span class='ocrx_word' id='word_1_244' title='bbox 663 3044 723 3109; x_wconf 89' lang='lat' dir='ltr'><strong>hoe</strong></span> <span class='ocrx_word' id='word_1_245' title='bbox 745 3064 872 3110; x_wconf 88' lang='lat' dir='ltr'><strong>amasse</strong></span> <span class='ocrx_word' id='word_1_246' title='bbox 891 3095 899 3121; x_wconf 90' lang='lat'>,</span> <span class='ocrx_word' id='word_1_247' title='bbox 920 3064 986 3108; x_wconf 93' lang='lat' dir='ltr'><strong>non</strong></span> <span class='ocrx_word' id='word_1_248' title='bbox 1012 3043 1203 3125; x_wconf 72' lang='lat' dir='ltr'><strong>inquieto:</strong></span> <span class='ocrx_word' id='word_1_249' title='bbox 1226 3048 1257 3106; x_wconf 87' lang='lat' dir='ltr'><strong>et</strong></span> <span class='ocrx_word' id='word_1_250' title='bbox 1281 3044 1381 3107; x_wconf 90' lang='lat' dir='ltr'><strong>multo</strong></span> <span class='ocrx_word' id='word_1_251' title='bbox 1408 3043 1511 3124; x_wconf 84' lang='lat' dir='ltr'><strong>magis</strong></span> 
     </span>
     <span class='ocr_line' id='line_1_26' title="bbox 406 3142 1509 3227; baseline 0.001 -21"><span class='ocrx_word' id='word_1_252' title='bbox 406 3142 574 3223; x_wconf 82' lang='lat' dir='ltr'><strong>mirabile,</strong></span> <span class='ocrx_word' id='word_1_253' title='bbox 597 3146 683 3227; x_wconf 92' lang='lat' dir='ltr'><strong>quod</strong></span> <span class='ocrx_word' id='word_1_254' title='bbox 704 3146 902 3226; x_wconf 82' lang='lat' dir='ltr'><strong>grammatici</strong></span> <span class='ocrx_word' id='word_1_255' title='bbox 927 3144 1014 3209; x_wconf 89' lang='lat' dir='ltr'><strong>vafre</strong></span> <span class='ocrx_word' id='word_1_256' title='bbox 1041 3144 1262 3222; x_wconf 89' lang='lat' dir='ltr'><strong>dissimulant,</strong></span> <span class='ocrx_word' id='word_1_257' title='bbox 1284 3164 1355 3208; x_wconf 93' lang='lat' dir='ltr'><strong>cum</strong></span> <span class='ocrx_word' id='word_1_258' title='bbox 1382 3143 1509 3210; x_wconf 87' lang='lat' dir='ltr'><strong>cosdem</strong></span> 
     </span>
     <span class='ocr_line' id='line_1_27' title="bbox 405 3245 1511 3328; baseline 0.001 -20"><span class='ocrx_word' id='word_1_259' title='bbox 405 3252 517 3327; x_wconf 73' lang='lat' dir='ltr'><strong>poetas</strong></span> <span class='ocrx_word' id='word_1_260' title='bbox 539 3251 605 3309; x_wconf 93' lang='lat' dir='ltr'><strong>tum</strong></span> <span class='ocrx_word' id='word_1_261' title='bbox 627 3247 708 3311; x_wconf 91' lang='lat' dir='ltr'><strong>alios</strong></span> <span class='ocrx_word' id='word_1_262' title='bbox 730 3246 878 3311; x_wconf 89' lang='lat' dir='ltr'><strong>breviore</strong></span> <span class='ocrx_word' id='word_1_263' title='bbox 902 3266 1028 3328; x_wconf 91' lang='lat' dir='ltr'><strong>quoque</strong></span> <span class='ocrx_word' id='word_1_264' title='bbox 1054 3246 1157 3310; x_wconf 89' lang='lat' dir='ltr'><strong>forma</strong></span> <span class='ocrx_word' id='word_1_265' title='bbox 1182 3245 1295 3310; x_wconf 86' lang='lat' dir='ltr'><strong>iisdem</strong></span> <span class='ocrx_word' id='word_1_266' title='bbox 1319 3245 1511 3310; x_wconf 90' lang='lat' dir='ltr'><strong>condicioni-</strong></span> 
     </span>
     <span class='ocr_line' id='line_1_28' title="bbox 406 3347 1511 3430; baseline 0.003 -21"><span class='ocrx_word' id='word_1_267' title='bbox 406 3347 467 3411; x_wconf 90' lang='lat' dir='ltr'><strong>bus</strong></span> <span class='ocrx_word' id='word_1_268' title='bbox 490 3366 566 3412; x_wconf 90' lang='lat' dir='ltr'><strong>usos</strong></span> <span class='ocrx_word' id='word_1_269' title='bbox 589 3367 679 3412; x_wconf 89' lang='lat' dir='ltr'><strong>esse.</strong></span> <span class='ocrx_word' id='word_1_270' title='bbox 695 3347 817 3411; x_wconf 85' lang='lat' dir='ltr'><strong>Ennius</strong></span> <span class='ocrx_word' id='word_1_271' title='bbox 833 3347 918 3430; x_wconf 89' lang='lat' dir='ltr'><strong>apud</strong></span> <span class='ocrx_word' id='word_1_272' title='bbox 935 3347 1119 3412; x_wconf 81' lang='lat' dir='ltr'><strong>Ciceronem</strong></span> <span class='ocrx_word' id='word_1_273' title='bbox 1141 3348 1175 3411; x_wconf 92' lang='lat' dir='ltr'><strong>in</strong></span> <span class='ocrx_word' id='word_1_274' title='bbox 1191 3348 1311 3412; x_wconf 80' lang='lat' dir='ltr'><strong>Catone</strong></span> <span class='ocrx_word' id='word_1_275' title='bbox 1323 3354 1352 3426; x_wconf 85' lang='lat'><strong>5,</strong></span> <span class='ocrx_word' id='word_1_276' title='bbox 1368 3353 1410 3415; x_wconf 87' lang='lat'><strong>14</strong></span> <span class='ocrx_word' id='word_1_277' title='bbox 1424 3348 1511 3414; x_wconf 77' lang='lat' dir='ltr'><strong>Sicut</strong></span> 
     </span>
     <span class='ocr_line' id='line_1_29' title="bbox 398 3448 1510 3536; baseline 0.002 -24"><span class='ocrx_word' id='word_1_278' title='bbox 398 3450 502 3536; x_wconf 78' lang='lat' dir='ltr'><strong>fortis</strong></span> <span class='ocrx_word' id='word_1_279' title='bbox 525 3473 638 3534; x_wconf 81' lang='lat' dir='ltr'><strong>equos.</strong></span> <span class='ocrx_word' id='word_1_280' title='bbox 660 3448 769 3514; x_wconf 77' lang='lat' dir='ltr'><strong>Cicero</strong></span> <span class='ocrx_word' id='word_1_281' title='bbox 792 3449 861 3531; x_wconf 85' lang='lat' dir='ltr'><strong>ipsc</strong></span> <span class='ocrx_word' id='word_1_282' title='bbox 883 3448 917 3512; x_wconf 90' lang='lat' dir='ltr'><strong>in</strong></span> <span class='ocrx_word' id='word_1_283' title='bbox 938 3449 1063 3514; x_wconf 84' lang='lat' dir='ltr'><strong>Arateis</strong></span> <span class='ocrx_word' id='word_1_284' title='bbox 1085 3454 1143 3517; x_wconf 88' lang='grc'><strong>131</strong></span> <span class='ocrx_word' id='word_1_285' title='bbox 1161 3451 1249 3516; x_wconf 79' lang='lat' dir='ltr'><strong>Sicut</strong></span> <span class='ocrx_word' id='word_1_286' title='bbox 1264 3474 1334 3514; x_wconf 84' lang='lat' dir='ltr'><strong>cum</strong></span> <span class='ocrx_word' id='word_1_287' title='bbox 1349 3464 1510 3536; x_wconf 81' lang='lat' dir='ltr'><strong>coeptant.</strong></span> 
     </span>
     <span class='ocr_line' id='line_1_30' title="bbox 407 3549 1511 3632; baseline 0.002 -19"><span class='ocrx_word' id='word_1_288' title='bbox 407 3549 574 3615; x_wconf 89' lang='lat' dir='ltr'><strong>Lueretius</strong></span> <span class='ocrx_word' id='word_1_289' title='bbox 595 3549 630 3612; x_wconf 93' lang='lat' dir='ltr'><strong>in</strong></span> <span class='ocrx_word' id='word_1_290' title='bbox 644 3571 674 3628; x_wconf 80' lang='lat' dir='ltr'><strong>u,</strong></span> <span class='ocrx_word' id='word_1_291' title='bbox 686 3555 747 3620; x_wconf 78' lang='lat'><strong>361</strong></span> <span class='ocrx_word' id='word_1_292' title='bbox 771 3551 803 3614; x_wconf 94' lang='lat' dir='ltr'><strong>in</strong></span> <span class='ocrx_word' id='word_1_293' title='bbox 824 3551 937 3615; x_wconf 81' lang='lat' dir='ltr'><strong>eodem</strong></span> <span class='ocrx_word' id='word_1_294' title='bbox 959 3570 1053 3615; x_wconf 88' lang='lat' dir='ltr'><strong>versu</strong></span> <span class='ocrx_word' id='word_1_295' title='bbox 1075 3551 1130 3632; x_wconf 86' lang='lat' dir='ltr'><strong>qui</strong></span> <span class='ocrx_word' id='word_1_296' title='bbox 1153 3558 1220 3615; x_wconf 89' lang='lat' dir='ltr'><strong>erat</strong></span> <span class='ocrx_word' id='word_1_297' title='bbox 1240 3552 1274 3616; x_wconf 93' lang='lat' dir='ltr'><strong>in</strong></span> <span class='ocrx_word' id='word_1_298' title='bbox 1295 3551 1389 3616; x_wconf 88' lang='lat' dir='ltr'><strong>tertio</strong></span> <span class='ocrx_word' id='word_1_299' title='bbox 1402 3603 1410 3631; x_wconf 89' lang='lat'>‚</span> <span class='ocrx_word' id='word_1_300' title='bbox 1424 3553 1511 3618; x_wconf 72' lang='lat' dir='ltr'><strong>Sicca</strong></span> 
     </span>
     <span class='ocr_line' id='line_1_31' title="bbox 406 3652 1511 3730; baseline -0.004 -12"><span class='ocrx_word' id='word_1_301' title='bbox 406 3678 600 3718; x_wconf 80' lang='lat' dir='ltr'><strong>summorum</strong></span> <span class='ocrx_word' id='word_1_302' title='bbox 611 3678 733 3717; x_wconf 78' lang='lat' dir='ltr'><strong>summa</strong></span> <span class='ocrx_word' id='word_1_303' title='bbox 745 3667 789 3718; x_wconf 82' lang='lat' dir='ltr'><strong>cst</strong></span> <span class='ocrx_word' id='word_1_304' title='bbox 801 3702 808 3718; x_wconf 89' lang='lat'><em>.</em></span> <span class='ocrx_word' id='word_1_305' title='bbox 825 3652 975 3716; x_wconf 85' lang='lat' dir='ltr'><strong>Manilius</strong></span> <span class='ocrx_word' id='word_1_306' title='bbox 986 3653 1020 3715; x_wconf 90' lang='lat' dir='ltr'><strong>in</strong></span> <span class='ocrx_word' id='word_1_307' title='bbox 1031 3675 1064 3730; x_wconf 87' lang='lat'><strong>11,</strong></span> <span class='ocrx_word' id='word_1_308' title='bbox 1076 3658 1140 3721; x_wconf 85' lang='lat'>483</span> <span class='ocrx_word' id='word_1_309' title='bbox 1155 3655 1243 3719; x_wconf 67' lang='lat' dir='ltr'><strong>Sicut</strong></span> <span class='ocrx_word' id='word_1_310' title='bbox 1253 3667 1402 3718; x_wconf 75' lang='lat' dir='ltr'><strong>acturas.</strong></span> <span class='ocrx_word' id='word_1_311' title='bbox 1415 3653 1511 3718; x_wconf 85' lang='lat' dir='ltr'><strong>Silius</strong></span> 
     </span>
     <span class='ocr_line' id='line_1_32' title="bbox 405 3753 1511 3842; baseline 0.002 -20"><span class='ocrx_word' id='word_1_312' title='bbox 405 3757 439 3822; x_wconf 94' lang='lat' dir='ltr'><strong>in</strong></span> <span class='ocrx_word' id='word_1_313' title='bbox 453 3780 495 3836; x_wconf 94' lang='lat' dir='ltr'><strong>v1,</strong></span> <span class='ocrx_word' id='word_1_314' title='bbox 507 3762 570 3826; x_wconf 79' lang='lat'><strong>553</strong></span> <span class='ocrx_word' id='word_1_315' title='bbox 586 3756 675 3823; x_wconf 77' lang='lat' dir='ltr'><strong>Sicut</strong></span> <span class='ocrx_word' id='word_1_316' title='bbox 689 3757 885 3842; x_wconf 81' lang='lat' dir='ltr'><strong>eaupaiceu.</strong></span> <span class='ocrx_word' id='word_1_317' title='bbox 901 3754 935 3818; x_wconf 93' lang='lat' dir='ltr'><strong>in</strong></span> <span class='ocrx_word' id='word_1_318' title='bbox 953 3754 1057 3819; x_wconf 91' lang='lat' dir='ltr'><strong>Herus</strong></span> <span class='ocrx_word' id='word_1_319' title='bbox 1071 3755 1114 3818; x_wconf 91' lang='lat' dir='ltr'><strong>ad</strong></span> <span class='ocrx_word' id='word_1_320' title='bbox 1126 3755 1305 3820; x_wconf 79' lang='lat' dir='ltr'><strong>leandrum</strong></span> <span class='ocrx_word' id='word_1_321' title='bbox 1322 3753 1461 3838; x_wconf 88' lang='lat' dir='ltr'><strong>epistula</strong></span> <span class='ocrx_word' id='word_1_322' title='bbox 1472 3761 1511 3823; x_wconf 80' lang='lat'><strong>93</strong></span> 
     </span>
     <span class='ocr_line' id='line_1_33' title="bbox 406 3857 1511 3934; baseline -0.007 -9"><span class='ocrx_word' id='word_1_323' title='bbox 406 3861 481 3924; x_wconf 77' lang='lat' dir='ltr'><strong>dam</strong></span> <span class='ocrx_word' id='word_1_324' title='bbox 492 3867 575 3925; x_wconf 75' lang='lat' dir='ltr'><strong>sicat</strong></span> <span class='ocrx_word' id='word_1_325' title='bbox 585 3860 698 3923; x_wconf 74' lang='lat' dir='ltr'><strong>scribis</strong></span> <span class='ocrx_word' id='word_1_326' title='bbox 709 3883 849 3922; x_wconf 76' lang='lat' dir='ltr'><strong>amemur</strong></span> <span class='ocrx_word' id='word_1_327' title='bbox 861 3905 868 3920; x_wconf 92' lang='lat'>.</span> <span class='ocrx_word' id='word_1_328' title='bbox 885 3857 1034 3921; x_wconf 77' lang='lat' dir='ltr'><strong>Lucanus</strong></span> <span class='ocrx_word' id='word_1_329' title='bbox 1048 3857 1082 3920; x_wconf 85' lang='lat' dir='ltr'><strong>in</strong></span> <span class='ocrx_word' id='word_1_330' title='bbox 1093 3879 1138 3934; x_wconf 83' lang='lat'>111,</span> <span class='ocrx_word' id='word_1_331' title='bbox 1151 3863 1214 3925; x_wconf 85' lang='lat'><strong>638</strong></span> <span class='ocrx_word' id='word_1_332' title='bbox 1226 3883 1281 3923; x_wconf 77' lang='lat' dir='ltr'><strong>nec</strong></span> <span class='ocrx_word' id='word_1_333' title='bbox 1292 3859 1374 3922; x_wconf 78' lang='lat' dir='ltr'><strong>sicat</strong></span> <span class='ocrx_word' id='word_1_334' title='bbox 1384 3859 1511 3922; x_wconf 74' lang='lat' dir='ltr'><strong>calceare</strong></span> 
     </span>
     <span class='ocr_line' id='line_1_34' title="bbox 405 3958 1511 4047; baseline -0.002 -23"><span class='ocrx_word' id='word_1_335' title='bbox 405 3965 557 4047; x_wconf 68' lang='lat' dir='ltr'><strong>sanquis.</strong></span> <span class='ocrx_word' id='word_1_336' title='bbox 573 3961 705 4024; x_wconf 86' lang='lat' dir='ltr'><strong>Plautus</strong></span> <span class='ocrx_word' id='word_1_337' title='bbox 719 3959 753 4022; x_wconf 89' lang='lat' dir='ltr'><strong>in</strong></span> <span class='ocrx_word' id='word_1_338' title='bbox 769 3958 910 4042; x_wconf 76' lang='lat' dir='ltr'><strong>Captivis</strong></span> <span class='ocrx_word' id='word_1_339' title='bbox 920 3980 949 4041; x_wconf 82' lang='lat' dir='ltr'><strong>V,</strong></span> <span class='ocrx_word' id='word_1_340' title='bbox 965 3964 992 4036; x_wconf 91' lang='grc'><strong>1,</strong></span> <span class='ocrx_word' id='word_1_341' title='bbox 1008 3963 1046 4028; x_wconf 83' lang='lat'><strong>15</strong></span> <span class='ocrx_word' id='word_1_342' title='bbox 1061 3960 1151 4024; x_wconf 80' lang='lat' dir='ltr'><strong>Sicut</strong></span> <span class='ocrx_word' id='word_1_343' title='bbox 1166 3973 1198 4023; x_wconf 85' lang='lat' dir='ltr'><strong>tu</strong></span> <span class='ocrx_word' id='word_1_344' title='bbox 1214 3962 1285 4023; x_wconf 78' lang='lat' dir='ltr'><strong>huic</strong></span> <span class='ocrx_word' id='word_1_345' title='bbox 1297 3972 1386 4044; x_wconf 82' lang='lat' dir='ltr'><strong>potes</strong></span> <span class='ocrx_word' id='word_1_346' title='bbox 1397 4007 1406 4041; x_wconf 87' lang='lat'>,</span> <span class='ocrx_word' id='word_1_347' title='bbox 1417 3973 1511 4044; x_wconf 82' lang='lat' dir='ltr'><strong>poter</strong></span> 
     </span>
     <span class='ocr_line' id='line_1_35' title="bbox 405 4060 1508 4146; baseline -0.001 -20"><span class='ocrx_word' id='word_1_348' title='bbox 405 4065 453 4126; x_wconf 83' lang='lat' dir='ltr'><strong>mi</strong></span> <span class='ocrx_word' id='word_1_349' title='bbox 462 4111 468 4126; x_wconf 93' lang='lat'>.</span> <span class='ocrx_word' id='word_1_350' title='bbox 484 4062 617 4146; x_wconf 82' lang='lat' dir='ltr'><strong>Epidico</strong></span> <span class='ocrx_word' id='word_1_351' title='bbox 629 4084 662 4139; x_wconf 93' lang='lat'><strong>11,</strong></span> <span class='ocrx_word' id='word_1_352' title='bbox 676 4065 706 4139; x_wconf 78' lang='lat'><strong>2,</strong></span> <span class='ocrx_word' id='word_1_353' title='bbox 719 4068 758 4130; x_wconf 78' lang='lat'><strong>87</strong></span> <span class='ocrx_word' id='word_1_354' title='bbox 772 4061 860 4127; x_wconf 76' lang='lat' dir='ltr'><strong>Sicut</strong></span> <span class='ocrx_word' id='word_1_355' title='bbox 871 4086 943 4125; x_wconf 84' lang='lat' dir='ltr'><strong>cros</strong></span> <span class='ocrx_word' id='word_1_356' title='bbox 955 4064 1004 4125; x_wconf 77' lang='lat' dir='ltr'><strong>oie</strong></span> <span class='ocrx_word' id='word_1_357' title='bbox 1017 4061 1135 4125; x_wconf 79' lang='lat' dir='ltr'><strong>aderit.</strong></span> <span class='ocrx_word' id='word_1_358' title='bbox 1148 4060 1360 4125; x_wconf 80' lang='lat' dir='ltr'><strong>Bacchidibus</strong></span> <span class='ocrx_word' id='word_1_359' title='bbox 1372 4082 1415 4138; x_wconf 80' lang='lat' dir='ltr'><strong>w,</strong></span> <span class='ocrx_word' id='word_1_360' title='bbox 1427 4065 1458 4139; x_wconf 89' lang='grc'><strong>4,</strong></span> <span class='ocrx_word' id='word_1_361' title='bbox 1470 4065 1508 4128; x_wconf 79' lang='grc'><strong>67</strong></span> 
     </span>
     <span class='ocr_line' id='line_1_36' title="bbox 395 4161 1511 4247; baseline -0.004 -18"><span class='ocrx_word' id='word_1_362' title='bbox 395 4163 494 4241; x_wconf 66' lang='grc' dir='ltr'><strong>1Βίοῖιῖ</strong></span> <span class='ocrx_word' id='word_1_363' title='bbox 509 4164 590 4228; x_wconf 75' lang='lat' dir='ltr'><strong>dicis</strong></span> <span class='ocrx_word' id='word_1_364' title='bbox 604 4212 611 4226; x_wconf 89' lang='lat'><strong>.</strong></span> <span class='ocrx_word' id='word_1_365' title='bbox 626 4162 809 4227; x_wconf 85' lang='lat' dir='ltr'><strong>Trinummo</strong></span> <span class='ocrx_word' id='word_1_366' title='bbox 824 4185 870 4241; x_wconf 92' lang='lat'>111,</span> <span class='ocrx_word' id='word_1_367' title='bbox 883 4166 913 4239; x_wconf 81' lang='lat'><strong>2,</strong></span> <span class='ocrx_word' id='word_1_368' title='bbox 925 4167 967 4230; x_wconf 82' lang='lat'><strong>59</strong></span> <span class='ocrx_word' id='word_1_369' title='bbox 983 4162 1071 4227; x_wconf 66' lang='lat' dir='ltr'><strong>Sicca</strong></span> <span class='ocrx_word' id='word_1_370' title='bbox 1092 4162 1321 4247; x_wconf 72' lang='lat' dir='ltr'><strong>dc&#39;ecifccc’am.</strong></span> <span class='ocrx_word' id='word_1_371' title='bbox 1344 4161 1511 4226; x_wconf 85' lang='lat' dir='ltr'><strong>Aulularia</strong></span> 
     </span>
     <span class='ocr_line' id='line_1_37' title="bbox 406 4263 1509 4349; baseline -0.002 -21"><span class='ocrx_word' id='word_1_372' title='bbox 406 4289 439 4343; x_wconf 86' lang='lat'><strong>11,</strong></span> <span class='ocrx_word' id='word_1_373' title='bbox 451 4270 482 4343; x_wconf 87' lang='grc'><strong>4,</strong></span> <span class='ocrx_word' id='word_1_374' title='bbox 497 4270 536 4333; x_wconf 83' lang='lat'><strong>15</strong></span> <span class='ocrx_word' id='word_1_375' title='bbox 551 4267 670 4349; x_wconf 83' lang='lat' dir='ltr'><strong>Nempe</strong></span> <span class='ocrx_word' id='word_1_376' title='bbox 685 4271 767 4328; x_wconf 80' lang='lat' dir='ltr'><strong>sicut</strong></span> <span class='ocrx_word' id='word_1_377' title='bbox 789 4265 870 4329; x_wconf 73' lang='lat' dir='ltr'><strong>diceb</strong></span> <span class='ocrx_word' id='word_1_378' title='bbox 888 4313 895 4327; x_wconf 89' lang='lat'><strong>.</strong></span> <span class='ocrx_word' id='word_1_379' title='bbox 915 4263 1109 4328; x_wconf 84' lang='lat' dir='ltr'><strong>Mostellaria</strong></span> <span class='ocrx_word' id='word_1_380' title='bbox 1125 4286 1170 4341; x_wconf 86' lang='lat'>111,</span> <span class='ocrx_word' id='word_1_381' title='bbox 1184 4268 1213 4341; x_wconf 75' lang='grc'><strong>2,</strong></span> <span class='ocrx_word' id='word_1_382' title='bbox 1227 4269 1269 4332; x_wconf 86' lang='grc'><strong>84</strong></span> <span class='ocrx_word' id='word_1_383' title='bbox 1287 4265 1363 4328; x_wconf 77' lang='lat' dir='ltr'><strong>dccc</strong></span> <span class='ocrx_word' id='word_1_384' title='bbox 1382 4278 1456 4328; x_wconf 78' lang='lat' dir='ltr'><strong>caat</strong></span> <span class='ocrx_word' id='word_1_385' title='bbox 1470 4266 1509 4328; x_wconf 78' lang='lat' dir='ltr'><strong>si·</strong></span> 
     </span>
     <span class='ocr_line' id='line_1_38' title="bbox 407 4365 1511 4452; baseline -0.003 -21"><span class='ocrx_word' id='word_1_386' title='bbox 407 4381 458 4432; x_wconf 83' lang='lat' dir='ltr'><strong>cut</strong></span> <span class='ocrx_word' id='word_1_387' title='bbox 481 4367 657 4452; x_wconf 74' lang='lat' dir='ltr'><strong>praedico.</strong></span> <span class='ocrx_word' id='word_1_388' title='bbox 678 4366 711 4429; x_wconf 89' lang='lat' dir='ltr'><strong>in</strong></span> <span class='ocrx_word' id='word_1_389' title='bbox 732 4366 881 4430; x_wconf 85' lang='lat' dir='ltr'><strong>Asinaria</strong></span> <span class='ocrx_word' id='word_1_390' title='bbox 907 4365 980 4429; x_wconf 89' lang='lat' dir='ltr'><strong>libri</strong></span> <span class='ocrx_word' id='word_1_391' title='bbox 1004 4365 1105 4430; x_wconf 83' lang='lat' dir='ltr'><strong>nostri</strong></span> <span class='ocrx_word' id='word_1_392' title='bbox 1127 4368 1216 4432; x_wconf 68' lang='lat' dir='ltr'><strong>Sicut</strong></span> <span class='ocrx_word' id='word_1_393' title='bbox 1243 4380 1329 4429; x_wconf 85' lang='lat' dir='ltr'><strong>taam</strong></span> <span class='ocrx_word' id='word_1_394' title='bbox 1351 4367 1423 4435; x_wconf 84' lang='lat' dir='ltr'><strong>cc&#39;e.</strong></span> <span class='ocrx_word' id='word_1_395' title='bbox 1447 4366 1511 4428; x_wconf 84' lang='lat' dir='ltr'><strong>Me·</strong></span> 
     </span>
     <span class='ocr_line' id='line_1_39' title="bbox 407 4468 1510 4552; baseline 0 -18"><span class='ocrx_word' id='word_1_396' title='bbox 407 4468 587 4546; x_wconf 88' lang='lat' dir='ltr'><strong>naechmis‚</strong></span> <span class='ocrx_word' id='word_1_397' title='bbox 603 4468 636 4531; x_wconf 94' lang='lat' dir='ltr'><strong>in</strong></span> <span class='ocrx_word' id='word_1_398' title='bbox 651 4469 785 4552; x_wconf 83' lang='lat' dir='ltr'><strong>prologo</strong></span> <span class='ocrx_word' id='word_1_399' title='bbox 802 4473 862 4544; x_wconf 74' lang='lat'><strong>74,</strong></span> <span class='ocrx_word' id='word_1_400' title='bbox 879 4469 967 4533; x_wconf 79' lang='lat' dir='ltr'><strong>Sicut</strong></span> <span class='ocrx_word' id='word_1_401' title='bbox 972 4468 1145 4552; x_wconf 79' lang='lat' dir='ltr'><strong>familiae.</strong></span> <span class='ocrx_word' id='word_1_402' title='bbox 1161 4468 1344 4532; x_wconf 87' lang='lat' dir='ltr'><strong>Trinummo</strong></span> <span class='ocrx_word' id='word_1_403' title='bbox 1360 4488 1394 4544; x_wconf 90' lang='lat'><strong>11,</strong></span> <span class='ocrx_word' id='word_1_404' title='bbox 1405 4471 1436 4543; x_wconf 90' lang='lat'>4,</span> <span class='ocrx_word' id='word_1_405' title='bbox 1452 4471 1510 4534; x_wconf 85' lang='grc'><strong>148</strong></span> 
     </span>
     <span class='ocr_line' id='line_1_40' title="bbox 407 4567 1510 4657; baseline -0.002 -20"><span class='ocrx_word' id='word_1_406' title='bbox 407 4572 495 4638; x_wconf 78' lang='lat' dir='ltr'><strong>Sicut</strong></span> <span class='ocrx_word' id='word_1_407' title='bbox 506 4572 767 4656; x_wconf 82' lang='lat' dir='ltr'><strong>fortunatorum.</strong></span> <span class='ocrx_word' id='word_1_408' title='bbox 787 4592 832 4648; x_wconf 86' lang='lat'>111,</span> <span class='ocrx_word' id='word_1_409' title='bbox 845 4576 875 4648; x_wconf 87' lang='lat'><strong>3,</strong></span> <span class='ocrx_word' id='word_1_410' title='bbox 893 4574 932 4637; x_wconf 81' lang='lat'><strong>76</strong></span> <span class='ocrx_word' id='word_1_411' title='bbox 953 4569 1041 4635; x_wconf 78' lang='lat' dir='ltr'><strong>Sicut</strong></span> <span class='ocrx_word' id='word_1_412' title='bbox 1055 4572 1230 4657; x_wconf 78' lang='lat' dir='ltr'><strong>praecepi.</strong></span> <span class='ocrx_word' id='word_1_413' title='bbox 1252 4569 1286 4632; x_wconf 89' lang='lat' dir='ltr'><strong>in</strong></span> <span class='ocrx_word' id='word_1_414' title='bbox 1307 4567 1408 4634; x_wconf 78' lang='lat' dir='ltr'><strong>Milite</strong></span> <span class='ocrx_word' id='word_1_415' title='bbox 1422 4590 1467 4648; x_wconf 81' lang='lat' dir='ltr'><strong>IV,</strong></span> <span class='ocrx_word' id='word_1_416' title='bbox 1485 4575 1510 4647; x_wconf 94' lang='lat' dir='ltr'><strong>l,</strong></span> 
     </span>
     <span class='ocr_line' id='line_1_41' title="bbox 406 4674 874 4761; baseline -0.015 -19"><span class='ocrx_word' id='word_1_417' title='bbox 406 4678 447 4742; x_wconf 74' lang='lat'><strong>27</strong></span> <span class='ocrx_word' id='word_1_418' title='bbox 463 4699 524 4761; x_wconf 82' lang='lat' dir='ltr'><strong>qao</strong></span> <span class='ocrx_word' id='word_1_419' title='bbox 546 4675 629 4740; x_wconf 78' lang='lat' dir='ltr'><strong>ludet</strong></span> <span class='ocrx_word' id='word_1_420' title='bbox 638 4722 648 4756; x_wconf 89' lang='lat'>,</span> <span class='ocrx_word' id='word_1_421' title='bbox 663 4674 744 4739; x_wconf 73' lang='lat' dir='ltr'><strong>sicat</strong></span> <span class='ocrx_word' id='word_1_422' title='bbox 765 4687 874 4738; x_wconf 78' lang='lat' dir='ltr'><strong>soror.</strong></span> 
     </span>
    </p>
   </div>
   <div class='ocr_carea' id='block_1_5' title="bbox 0 0 1760 5442">
    <p class='ocr_par' dir='ltr' id='par_1_5' title="bbox 0 0 1760 5442">
     <span class='ocr_line' id='line_1_42' title="bbox 0 0 1760 5442; baseline 0 0"><span class='ocrx_word' id='word_1_423' title='bbox 0 0 1760 5442; x_wconf 95' lang='lat' dir='ltr'><strong> </strong></span> 
     </span>
    </p>
   </div>
  </div>
 </body>
</html>
