3509 5442
801 501 831 566 Π
1310 507 1371 574 116

249 674 413 741 Horatius
434 673 569 742 Ovidius
589 670 767 750 Martialis,
791 669 850 736 sed
871 670 1015 755 plerique
1036 671 1204 755 ambigue.
1220 672 1254 738 in
1275 694 1370 742 versu

250 783 368 845 nostm
397 777 514 844 rectius
536 776 712 844 Lambinus
738 800 778 841 ea
806 775 948 839 omacius
970 773 1069 839 isdem
1081 799 1092 857 ,·
1114 774 1199 857 quod
1221 781 1269 841 est
1290 795 1369 844 sane

251 877 552 964 simplicissimum,
571 876 629 944 sed
654 876 779 944 videtur
805 875 978 940 abhorrere
1005 874 1046 938 ab
1072 895 1133 941 usu
1154 876 1314 957 Lucretii,
1334 882 1369 943 ut

252 979 365 1048 dicam
386 981 430 1046 ad
450 981 567 1047 librum
581 1001 624 1059 rv,
637 983 720 1048 933.
741 976 849 1060 itaque
871 976 979 1061 potius
1001 984 1049 1042 est
1075 983 1110 1043 ut
1130 978 1210 1044 haee
1236 978 1279 1044 ad
1300 1005 1367 1046 aer-

255 1107 313 1149 eas
336 1082 440 1149 relata
464 1083 510 1148 ita
529 1081 726 1160 formemus,
748 1082 816 1145 Aut
836 1103 948 1144 uunnr
970 1083 1052 1146 inter
1077 1105 1110 1146 sc
1136 1080 1198 1146 dac
1220 1084 1284 1146 sint
1299 1131 1308 1164 ,
1328 1107 1369 1148 ca

258 1187 425 1269 erunibus,
441 1185 546 1252 idem.

345 1291 420 1356 695.
455 1287 517 1353 Src
550 1308 647 1350 sarrs
680 1307 716 1350 rs
748 1306 864 1348 nanus
898 1305 987 1347 rrsrr
1022 1305 1214 1349 counursrn
1246 1307 1367 1350 nunus

260 1387 473 1453 Murranum
495 1411 619 1453 annun
641 1410 714 1455 cun
743 1409 823 1451 srnr
844 1407 1076 1465 neruorum,
1099 1409 1223 1451 aranu
1243 1389 1367 1453 Drssr-

261 1510 339 1553 n1n1
376 1512 498 1554 runnu
530 1513 639 1555 ruens
675 1513 716 1554 sn
752 1511 978 1554 consrsrnnn
1018 1510 1142 1552 sunna
1175 1491 1365 1555 Possunr.

262 1591 334 1657 Non
354 1617 463 1658 reram
484 1619 630 1677 samma,
654 1591 713 1658 sed
733 1591 1010 1678 primordiorum.
1030 1589 1091 1655 hoc
1116 1591 1270 1660 Marullus
1296 1613 1368 1659 cum

209 1734 213 1755 2
262 1692 471 1761 intellexisset
491 1693 569 1780 (non
583 1693 806 1759 intellexerunt
821 1693 1059 1775 Havercampus
1082 1697 1113 1755 et
1126 1693 1369 1777 Wakefieldus),

263 1794 389 1878 scripsit
410 1797 500 1883 ioape
521 1798 687 1862 Dissimili
694 1822 705 1880 ,·
727 1794 813 1878 quod
834 1795 875 1858 ab
898 1792 1080 1858 Eichstadio
1103 1795 1271 1876 probatum
1292 1795 1371 1859 For·

263 1895 352 1977 liger
375 1895 458 1962 adeo
479 1902 664 1976 veneratur,
680 1902 715 1961 ut
739 1916 780 1961 ne
802 1895 920 1961 audeat
942 1894 1070 1977 quidem
1092 1895 1198 1961 dicere
1219 1900 1251 1960 et
1265 1914 1371 1961 exem·

265 1997 366 2080 plaria
387 2003 496 2064 vetera
518 2005 549 2064 et
569 1997 801 2064 Wakefieldum
824 1997 1012 2063 dissentire.
1029 2003 1114 2062 recte
1136 2018 1219 2063 unus
1241 2017 1281 2063 ex
1303 2017 1369 2061 orn·

265 2098 356 2167 nibus
387 2100 520 2166 Isaacus
542 2101 700 2182 Vossius,
720 2101 875 2184 probante
904 2118 968 2163 uno
990 2099 1171 2164 Abrahamo
1196 2100 1369 2182 Preigero,

266 2223 387 2267 vnaurr
408 2204 574 2268 Dissimili
592 2217 695 2268 tamea
712 2226 721 2266 :
741 2221 815 2266 nam
842 2227 949 2267 veram
972 2215 1074 2268 tamea
1100 2201 1146 2266 ita
1171 2199 1204 2265 in
1234 2199 1369 2284 apodosi

209 2348 211 2357 ι
266 2305 340 2388 poni
363 2303 564 2370 notissimum
587 2311 655 2371 est.

209 2404 213 2487 f
350 2412 423 2476 706.
445 2428 515 2470 rna
538 2428 678 2472 rascas
701 2430 816 2474 ounrn
837 2428 1017 2471 rnannsrs
1034 2456 1041 2471 .
1061 2406 1133 2471 Itali
1155 2412 1186 2470 et
1206 2406 1369 2471 Veronen-

209 2496 215 2537 ⁵
245 2508 307 2580 isis
329 2507 429 2574 editio
451 2529 747 2576 ounrrarranrrs.

350 2615 567 2682 7161111666
603 2635 686 2677 rnna
712 2614 867 2680 Vrrnnrs
896 2633 1016 2676 nouus
1046 2633 1273 2678 consessura
1306 2637 1369 2678 rr-

239 2786 242 2795 ,
271 2735 334 2784 ons
367 2713 729 2780 rurrra1.00rreotor
762 2713 909 2798 quadrati
938 2716 1049 2778 irater:
1073 2716 1159 2779 iutra
1189 2715 1368 2795 Antonius,

270 2812 437 2898 impressi,
458 2814 631 2879 Marullus.
652 2814 825 2897 legendum
855 2822 904 2880 est
925 2838 1052 2890 rurus.
1075 2836 1148 2880 nam
1177 2820 1368 2900 consentire,

209 2968 215 2974 .
271 2916 325 2983 loc
347 2921 396 2982 est
417 2935 483 2980 una
505 2914 642 2994 sentire,
658 2915 709 2983 hic
731 2938 802 2983 oum
813 2917 994 2983 accusativo
1012 2917 1214 2982 coniunctum
1236 2938 1308 2985 esse
1330 2938 1370 2984 ex

272 3039 304 3084 eo
324 3021 459 3102 apparet
482 3016 568 3099 quod
590 3018 726 3084 adicitur
747 3035 840 3107 arque
854 3022 996 3085 irritari.
1011 3018 1119 3100 itaque
1141 3021 1226 3084 intas
1247 3021 1281 3085 in
1303 3040 1371 3086 cor·

212 3154 221 3179 .
271 3121 396 3204 poribus
417 3118 565 3184 animatis
588 3138 627 3184 ea
643 3121 833 3206 corpuscula
854 3139 937 3202 quae
959 3119 1102 3185 eiusdem
1124 3122 1252 3202 generis
1274 3127 1367 3201 sunt,

271 3243 335 3288 cum
365 3218 554 3304 corporibus
579 3221 739 3288 insinuata
760 3228 857 3301 sunt,
876 3224 988 3288 violes
1016 3238 1116 3289 motas
1142 3229 1317 3289 ceterorum
1340 3227 1371 3288 et

209 3347 226 3386 r.
269 3344 327 3390 uua
348 3321 491 3390 sentiunt
511 3322 578 3388 sive
600 3328 812 3408 consentiant,
829 3323 913 3391 κατὰ
936 3321 1175 3407 συμπάθειαν,
1192 3332 1225 3391 61
1244 3326 1371 3392 imitari·

269 3440 333 3510 tar,
349 3425 414 3490 hoc
436 3428 485 3489 est
506 3424 637 3491 eosdem
659 3433 764 3493 motus
786 3433 952 3492 moventur
973 3448 1113 3512 suosque
1136 3427 1337 3495 consociant.
1384 3460 1386 3465 ·

209 3548 224 3588 s
349 3529 425 3595 719.
449 3547 601 3597 Quanam
622 3551 732 3593 narro
755 3551 1008 3593 nrsrnanrnar
1032 3551 1166 3593 onnrs.
1189 3527 1371 3606 Quadratus

209 3680 211 3685 .
267 3628 378 3694 vitiose
393 3628 545 3714 quidam.
562 3628 619 3695 sed
632 3631 787 3697 Marullus
806 3632 926 3716 optime
949 3653 1082 3708 ouum,
1099 3630 1140 3695 de
1162 3650 1225 3711 quo
1249 3627 1315 3692 dixi
1329 3626 1371 3691 ad

209 3749 218 3786 ἐ
266 3729 381 3796 librum
400 3732 539 3806 1,1106.
560 3751 624 3796 non
651 3734 750 3798 multa
776 3740 882 3798 tamen
908 3733 982 3798 huic
1009 3732 1126 3797 similia
1152 3729 1371 3807 invenientur;
1443 3815 1446 3821 ι

267 3831 351 3897 velut
377 3831 473 3897 verba
488 3837 657 3917 micantia
682 3834 769 3918 apud
790 3836 954 3899 Maronem
975 3830 1138 3898 Aeneidos
1158 3834 1371 3908 1623660-

267 3936 364 3999 nubia
389 3932 425 3996 in
440 3931 579 3998 Lucretii
593 3957 638 4017 m,
656 3941 737 4019 776,
752 3937 786 4001 in
801 3937 943 4001 Senecae
959 3933 1132 4017 Hippolyto
1147 3936 1230 4015 232,
1247 3931 1372 4015 Oedipo

248 4105 249 4109 ,
268 4041 328 4104 800
339 4085 348 4114 ,
358 4031 453 4116 apud
468 4033 602 4099 Statium
617 4040 720 4102 tancia
735 4062 807 4103 ossa
828 4043 860 4101 et
877 4039 982 4102 tenvia
996 4060 1053 4101 ora
1067 4033 1252 4100 Thebaidos
1266 4055 1297 4112 u,
1308 4038 1371 4103 597

270 4158 307 4217 vr,
321 4140 405 4214 196,
421 4140 453 4200 61
476 4134 504 4199 si
524 4133 605 4200 sorte
627 4137 755 4221 scripsit
768 4141 969 4224 Lucrinaeque
990 4140 1074 4202 verrit
1088 4136 1268 4218 Vergilius,
1286 4133 1372 4218 quod
1440 4199 1447 4212 .

209 4308 211 4319 ,
268 4236 363 4303 habet
375 4233 480 4302 Servii
494 4235 528 4300 in
543 4242 643 4302 artem
657 4238 776 4303 Donati
790 4237 894 4304 codex
905 4236 1118 4323 Santenianus
1131 4259 1163 4322 p.
1173 4243 1236 4308 316
1252 4242 1296 4323 (p.
1309 4238 1371 4306 521

209 4350 212 4365 ¹
267 4335 496 4416 Lindemanni,
517 4337 571 4419 qui
591 4337 708 4405 librum
730 4339 859 4406 saeculo
881 4357 967 4404 nono
994 4336 1145 4422 scriptum
1173 4338 1249 4404 dicit
1268 4362 1372 4404 recca

268 4437 389 4524 rimam)
413 4444 446 4504 et
468 4437 636 4505 Censorini
657 4440 929 4508 Darmstadiensis
950 4459 980 4522 p.
997 4444 1039 4506 93
1056 4439 1179 4504 Iahnii.
1194 4440 1239 4504 ita
1260 4437 1374 4504 comici

266 4543 370 4607 sesac
403 4558 502 4623 sacpc
533 4539 716 4626 disyllabon
747 4541 894 4621 faciunt,
920 4546 956 4605 ut
986 4539 1020 4604 in
1051 4541 1180 4627 Hecyra
1201 4564 1231 4620 1,
1252 4544 1287 4617 2,
1313 4540 1372 4604 111

209 4662 212 4681 '
267 4643 389 4710 Draire
404 4666 534 4710 caueam
548 4649 614 4710 irim
628 4645 736 4710 acacii
748 4668 853 4738 quara.
868 4646 983 4710 iterim
998 4642 1080 4707 iubet
1094 4690 1102 4705 .
1117 4640 1163 4706 ita
1177 4641 1279 4706 miscio
1294 4634 1376 4723 qaid

217 4760 228 4771 ι
447 4760 452 4769 ι
1130 4740 1177 4808 8*
