3509 5442
325 522 498 639 rsc'
850 566 896 633 m

315 743 411 827 poris
422 790 430 822 ‚
452 745 483 806 et
504 740 649 807 Gifanius
676 762 819 804 uuonan
840 788 846 802 .
869 739 903 803 in
930 743 1106 803 ceterorum
1133 739 1322 804 commentis
1351 737 1422 802 nihil

322 843 392 906 sani
415 848 486 906 est.
508 842 567 908 sed
594 843 627 906 in
648 842 788 907 Turnebi
810 840 1065 906 adversariorum
1085 845 1196 918 xxn‚9
1219 840 1305 905 male
1329 839 1422 922 scrip

322 950 387 1008 tum
410 944 505 1009 video
533 950 603 1008 etum
618 988 631 1025 ,ι
647 945 762 1009 rectius
789 943 858 1009 sine
886 948 1017 1006 accentu
1043 942 1077 1006 in
1102 941 1184 1007 libro
1207 964 1284 1020 xxx,
1299 947 1360 1011 10:
1380 948 1423 1007 est

322 1045 405 1109 enim
427 1071 496 1110 eum
518 1043 729 1128 praepositio,
746 1066 810 1108 non
832 1043 1030 1109 coniunctio.

407 1153 479 1217 826.
502 1149 679 1211 Macannr
693 1195 700 1209 .
716 1145 787 1210 Itali
809 1146 1011 1210 Mnouann.

408 1254 480 1319 829.
503 1249 600 1313 Aon1
621 1269 742 1318 ouon.
760 1249 926 1313 Corrcctor
952 1245 1083 1327 oblongi
1105 1245 1230 1310 Aona.

408 1356 480 1418 835.
505 1371 570 1413 sua
593 1369 697 1411 sarrs
713 1369 895 1412 saruaars
910 1368 1018 1411 auara
1035 1396 1043 1409 .
1059 1345 1242 1424 Quadratus
1257 1352 1334 1415 altra
1348 1349 1422 1433 (non

321 1450 417 1536 altas)
438 1457 470 1516 et
492 1476 610 1516 auras.
630 1456 717 1514 recte
740 1449 886 1515 Gifanius
910 1452 1045 1516 cethema
1072 1451 1248 1514 0a1s.ita
1275 1451 1422 1535 scriptum

321 1559 369 1618 est
390 1553 424 1616 in
438 1575 468 1631 v,
483 1557 543 1620 143
557 1574 590 1628 11,
606 1555 688 1619 1000
702 1573 744 1629 ru,
757 1556 819 1620 216
834 1575 864 1629 v,
876 1557 939 1620 656
951 1556 1033 1620 683.
1049 1550 1092 1618 de
1106 1558 1271 1635 poetarum
1284 1560 1423 1620 veterum

321 1675 381 1719 usu
405 1653 537 1738 exposui
565 1651 606 1716 ad
631 1671 759 1717 versum
780 1658 863 1721 405.
884 1652 1122 1719 concedendum
1155 1658 1340 1720 esttamen
1364 1676 1424 1721 non

321 1775 431 1821 ornnes
452 1755 537 1820 idem
553 1759 680 1819 secutos
703 1774 794 1820 esse.
811 1756 912 1819 Varro
934 1753 968 1818 in
990 1773 1122 1838 corpore
1143 1756 1284 1821 Putsolrii
1297 1776 1330 1839 p.
1343 1761 1425 1826 2264

321 1860 459 1938 Aureus,
476 1881 555 1942 quas
569 1856 660 1921 modo
675 1858 809 1922 aetherea
823 1858 1009 1939 scribimus,
1023 1857 1114 1922 modo
1134 1856 1253 1943 quibua
1262 1859 1425 1942 cadivam

320 1960 382 2025 nisi
409 1966 514 2025 tamen
536 1957 708 2039 legendum
737 1964 786 2022 est
807 1961 912 2023 aerz'o.
932 1965 1006 2024 sunt
1033 1965 1139 2024 autem
1166 1958 1242 2025 illae
1264 1965 1333 2025 tres
1354 1961 1424 2024 Put-

320 2061 400 2127 schii
427 2060 564 2145 paginae
592 2065 761 2142 excerptae
785 2079 802 2123 e
829 2060 910 2125 librc
937 2061 1112 2139 Varronis,
1134 2060 1191 2127 sed
1216 2062 1425 2145 interpolatae

318 2164 358 2228 iis
382 2182 464 2245 quae
482 2159 656 2226 ullomodo
672 2167 825 2244 concepta
844 2161 993 2243 leguntur
1014 2163 1047 2226 in
1062 2164 1278 2246 grammaticis
1291 2163 1424 2228 Eichen-

319 2263 407 2328 leldii
428 2285 458 2348 p.
474 2269 558 2333 452.
976 2267 978 2269 ’

407 2370 478 2434 844.
502 2366 736 2429 Drsrascnus
758 2387 866 2428 surmr
892 2388 1037 2430 urruns
1058 2415 1065 2428 .
1089 2366 1142 2431 Sic
1166 2372 1325 2449 uterque.
1347 2387 1423 2450 qua-

319 2466 402 2530 drati
417 2471 575 2531 corrector
597 2473 628 2531 et
649 2467 744 2532 ceteri
758 2469 923 2532 Distracto
944 2489 1028 2531 usr.
1046 2487 1128 2549 quae
1142 2467 1310 2533 Lucretius
1330 2468 1424 2534 habet

319 2587 412 2632 versu
428 2573 510 2645 838,
532 2587 572 2632 ea
593 2569 717 2634 acutius
742 2568 821 2634 dixit
842 2569 998 2654 Epicurus
1025 2568 1112 2652 apud
1134 2569 1295 2634 Laertium
1318 2593 1350 2649 x,
1366 2575 1423 2639 125

318 2668 357 2735 τὸ
370 2669 639 2756 φρικωδέστατον
656 2663 713 2738 οὒκ
727 2674 793 2736 τῶν
804 2673 913 2736 κακῶν
925 2665 944 2737 ὁ
955 2666 1105 2749 θάνατος
1117 2663 1215 2736 οὐδὲν
1226 2671 1313 2758 πρὸς
1327 2667 1422 2761 ἡμᾶς,

320 2768 438 2860 enstorf
461 2797 523 2857 roso
548 2769 627 2839 ὅταν
648 2773 708 2854 μὲν
731 2767 825 2861 ἡμεῖς
848 2765 991 2856 etipsud
1014 2769 1165 2850 θάνατος
1186 2768 1422 2860 adredesera,

320 2871 400 2942 ὅταν
423 2874 460 2942 δὲ
483 2871 667 2953 tetracos
683 2879 795 2963 παρῇ,
811 2870 890 2941 τόθ’
915 2871 1010 2964 ἡμεῖς
1036 2868 1096 2942 οὐκ
1118 2873 1237 2956 ἐσμέν.
1254 2874 1294 2942 de
1311 2876 1423 2943 eodem

319 2974 433 3042 Sextus
449 2977 617 3062 empiricos
631 2998 661 3060 p.
676 2982 779 3055 1755
802 2981 949 3061 (apparet
970 2976 1054 3042 enim
1079 2997 1145 3041 non
1166 2983 1251 3042 recte
1273 2978 1424 3062 scriptum

319 3098 391 3144 csse
413 3076 511 3165 paul)
542 3078 625 3167 φησὶ
653 3078 769 3146 δὲκαὶ
796 3074 842 3157 ὡς
865 3075 961 3163 εἴπερ
992 3073 1235 3165 συκτστὴκαμεκ
1258 3074 1293 3145 ἐκ
1315 3081 1424 3168 ψυχῆς

319 3180 375 3248 καὶ
398 3178 572 3264 σώματος,
597 3175 615 3246 ὁ
639 3180 677 3247 δὲ
697 3173 847 3258 θάνατος
875 3176 1029 3259 dedicate
1057 3177 1129 3248 ἐστι
1150 3183 1259 3270 ψυχῆς
1281 3180 1339 3248 καὶ
1360 3176 1423 3248 στῖ-

317 3308 444 3366 ματος,
461 3280 516 3350 ὅτε
537 3283 598 3365 μὲν
618 3277 712 3370 ἡμεῖς
735 3279 851 3364 ἐσμέν,
869 3278 928 3350 οὐκ
955 3279 1044 3350 ἔστιν
1067 3277 1085 3349 ὁ
1108 3279 1260 3362 θάνατος
1281 3278 1342 3369 (οὗ
1364 3283 1424 3370 γὰρ

319 3381 577 3470 διαλυόμεθα),
603 3380 658 3450 ὅτε
682 3384 719 3451 δὲ
746 3379 764 3449 ὁ
787 3381 939 3465 θάνατος
962 3381 1078 3466 ἔστιν,
1101 3380 1161 3454 οὐκ
1190 3384 1288 3468 ἑσμὲκ
1310 3382 1424 3473 ἡμεῖς·

317 3491 365 3574 τῷ
386 3486 449 3574 μὰρ
471 3485 587 3570 μηκέτι
609 3486 669 3575 τὴκ
690 3483 850 3556 σύστασιν
876 3481 964 3556 εἶναι
984 3492 1043 3576 τῆς
1064 3492 1173 3578 ψυχῆς
1194 3487 1252 3554 καὶ
1273 3491 1337 3555 τοῦ
1358 3483 1424 3556 σώ-

317 3613 422 3672 ματος
445 3581 525 3656 οὐδὲ
548 3581 642 3675 ἡμεῖς
664 3584 785 3672 ἐσμέν.

403 3692 1423 3775 847.unrna1uu.ltaquadratus:materiamoblongusetltalioi.

404 3802 476 3866 851.
499 3797 733 3860 lurannurna
749 3818 863 3859 sunan
884 3817 956 3859 oum
979 3818 1034 3859 srn
1049 3816 1233 3859 ananum
1247 3816 1423 3859 nosram.

316 3899 365 3962 lta
387 3897 545 3979 oblongus
572 3902 603 3961 ct
624 3898 699 3961 olim
720 3897 866 3981 impressi
886 3920 894 3976 ;
917 3898 1024 3982 itaque
1047 3895 1203 3962 Antonius
1224 3896 1318 3960 Marii
1340 3895 1425 3961 filius

317 4005 349 4062 ct
369 4000 542 4077 Marullus,
564 3998 626 4063 nisi
653 3996 739 4081 quod
761 3997 955 4081 scripserunt
980 4012 1108 4063 costra.
1132 3998 1307 4081 quadratus
1331 4025 1423 4087 repe-

318 4103 433 4164 tentia.
452 4100 606 4165 Aventius
628 4103 795 4166 retinentia
816 4104 924 4166 aoda'a.
940 4100 1006 4164 Ioh.
1029 4101 1121 4183 Bapt.
1143 4101 1219 4166 Pius
1240 4101 1351 4184 ‘prisci
1373 4121 1423 4166 co·

317 4199 416 4264 dices'
437 4200 540 4283 inquit
561 4202 689 4265 ‘habent
711 4205 814 4268 nostre·
822 4201 843 4267 .’
856 4202 1032 4266 rectissime
1047 4209 1181 4283 egerunt
1203 4202 1258 4284 qui
1278 4202 1345 4286 ita,
1361 4226 1423 4267 nu-

318 4324 492 4365 rmnurrn
515 4324 666 4365 ucsrru.
690 4322 764 4365 nam
792 4323 852 4368 neo
874 4306 1041 4369 retuli-eatae
1068 4324 1127 4368 neo
1152 4308 1326 4390 repetentia
1349 4304 1423 4387 quid

318 4405 359 4471 sit
384 4403 526 4485 intellegi
551 4409 679 4487 potest,
699 4404 760 4467 nisi
785 4403 940 4468 adiciatur
962 4405 1051 4470 ouius
1073 4405 1120 4470 rei
1142 4405 1201 4470 sit.
1221 4410 1423 4492 repetentiam

316 4513 421 4573 autem
438 4509 586 4593 priorum
599 4504 760 4569 Arnobius
782 4504 883 4584 dixit,
899 4507 1068 4572 Lucretius
1090 4527 1188 4591 supra
1201 4512 1264 4575 675
1280 4521 1423 4574 actarum

317 4634 423 4675 reram
437 4609 653 4674 retinentium.
671 4626 804 4688 quarum
824 4605 908 4672 hanc
926 4609 1060 4672 alteram
1081 4609 1175 4673 homo
1197 4609 1290 4674 vivus
1306 4607 1422 4687 habet,

318 4729 421 4794 caque
446 4713 550 4795 potest
576 4728 642 4775 non
666 4707 762 4775 modo
789 4709 890 4776 amitti
917 4714 1013 4794 atquc
1043 4711 1212 4794 excidere,
1238 4709 1298 4776 scd
1328 4710 1423 4779 etiam
