3509 5442
857 418 901 484 Vl
1368 425 1431 490 371

317 617 383 679 qao
399 593 504 678 mopsi
518 588 593 655 ferri
607 578 739 675 posset,
759 588 839 654 illud
854 609 919 655 non
933 589 1027 655 item.
1045 590 1219 656 Lambinus
1233 590 1315 656 bone
1328 591 1431 678 pleri·
1561 659 1563 667 ,

318 718 437 778 meque
448 694 542 758 laios
554 717 563 757 :
576 692 633 758 sed
647 691 750 775 potuit
763 690 895 775 propius
910 691 952 756 ad
965 690 1089 758 litteras
1099 693 1253 758 aooedere
1265 691 1432 758 scribendo

320 817 430 873 nrm,
452 801 486 859 ut
501 801 564 864 604
585 797 699 860 monte'a
721 795 765 859 ad
787 798 853 859 eius
873 795 1030 860 Radices.
1053 794 1086 858 in
1102 817 1144 871 1v,
1157 800 1220 866 260
1236 796 1432 860 Posticulum

321 902 413 964 veruti
432 901 546 963 sentire
570 912 597 962 et
610 898 754 985 fre'qore's
776 899 863 961 eius.

412 1003 485 1068 424.
517 999 734 1062 Punsunuss
766 1019 903 1060 untur.
934 998 1099 1064 Correotor
1132 999 1276 1082 quadrati
1308 1001 1432 1065 Graii.

323 1104 408 1167 alias
430 1103 635 1167 membranae
659 1119 786 1184 semper
809 1099 912 1182 Grai,
930 1099 1038 1182 itaque
1061 1102 1215 1166 Antonius
1239 1108 1271 1165 et
1292 1100 1435 1166 Brixien·

325 1205 391 1270 sis:
415 1204 467 1268 hio
489 1204 607 1287 duplex
625 1202 793 1268 {relietum
815 1208 885 1278 est,
910 1203 985 1285 quia
999 1202 1166 1268 Lueretius
1188 1210 1219 1268 et
1240 1203 1435 1287 antiquiores

325 1305 449 1370 librarii
478 1306 673 1390 scripserant
700 1327 828 1367 annrnr
855 1304 907 1368 vel
936 1305 1087 1370 Grar't’et'.
1116 1306 1230 1371 Gradi
1251 1312 1359 1371 tamen
1383 1306 1437 1371 vix

325 1428 480 1492 umquam
496 1408 611 1473 lectum
628 1426 701 1472 esse
717 1406 882 1489 existimo,
898 1426 1003 1488 neque
1019 1410 1136 1472 colticis
1151 1413 1206 1471 aut
1220 1410 1336 1492 edicit,
1353 1426 1436 1491 quaa

325 1511 441 1578 Velius
464 1508 594 1592 Longus
615 1530 646 1593 p.
657 1512 744 1575 <221ss
765 1514 797 1572 et
816 1511 900 1574 2232
923 1507 1082 1587 admittit,
1105 1528 1164 1574 neo
1187 1509 1285 1573 multo
1309 1510 1437 1594 saepius

326 1615 433 1692 conibet
443 1663 452 1695 ,
470 1611 613 1694 quamvis
628 1609 841 1688 Quintilianus
863 1615 1019 1692 agnosoat
1038 1612 1072 1674 in
1092 1635 1113 1690 1,
1125 1616 1155 1695 4,
1170 1615 1230 1689 11,
1252 1617 1287 1675 ut
1307 1611 1374 1676 dixi
1395 1610 1436 1676 ad

327 1715 390 1780 Gai
407 1713 667 1779 commentarium
681 1735 727 1792 111,
743 1717 823 1796 119,
841 1719 896 1776 aut
911 1715 994 1777 edicit
1002 1763 1010 1796 ,
1027 1732 1047 1777 a
1061 1713 1174 1796 Longo
1196 1714 1229 1777 in
1252 1713 1437 1797 quaestione

326 1817 489 1900 positum:
514 1822 544 1881 et
563 1818 722 1903 Pompeiis·
741 1814 924 1897 genetivum
946 1821 1070 1881 veteres
1092 1835 1148 1898 per
1169 1816 1231 1880 tria
1245 1818 1261 1881 i
1273 1815 1437 1899 scripsisse

329 1938 402 1983 oum
426 1917 503 1983 dicit
523 1918 705 1984 Priscianus
727 1939 758 2001 p.
773 1923 857 1997 545,
880 1917 994 2000 fingit,
1022 1924 1124 2001 puto,
1153 1918 1239 2001 quod
1265 1938 1438 2001 numquam

328 2019 473 2085 viderat.

417 2128 491 2191 426.
515 2145 587 2185 usu
604 2145 692 2186 oum.
708 2123 778 2186 Itali
795 2128 826 2187 et
837 2123 985 2207 impressi
1002 2145 1178 2194 rumonus
1189 2176 1197 2203 ,
1209 2131 1245 2189 ut
1255 2129 1437 2192 versu433.

330 2226 388 2291 sed
405 2224 626 2290 Wakefieldus
640 2244 734 2290 versu
748 2225 894 2308 proximo
909 2225 1015 2309 inepte
1031 2227 1238 2310 descendant,
1259 2226 1313 2291 ubi
1329 2226 1439 2292 oblon-

330 2348 393 2410 gus
417 2327 599 2411 discendat,
619 2333 654 2391 ut
676 2325 850 2409 quadratus
873 2348 948 2391 mox
970 2347 1067 2392 versu
1081 2332 1144 2396 438
1167 2328 1342 2394 deseendit.

420 2433 494 2498 428.
518 2450 671 2493 imorum.
695 2428 768 2494 Itali
791 2451 937 2492 ruerus.

419 2537 492 2600 430.
515 2553 677 2594 vnnrunn
697 2581 703 2594 .
726 2532 825 2595 Immo
849 2553 1037 2594 vamina.
1061 2531 1121 2596 hoo
1144 2531 1273 2596 suavius
1296 2552 1391 2614 quam
1414 2535 1441 2598 si

330 2636 366 2699 iu
389 2633 553 2716 superiore
574 2653 669 2697 versu
691 2631 867 2697 scribamus
883 2647 946 2698 tum
963 2647 1036 2698 sont
1045 2684 1054 2716 ,
1065 2631 1157 2715 'quod
1171 2631 1247 2697 feeit
1259 2639 1332 2698 ante
1348 2635 1442 2699 Lam-

330 2736 444 2800 binum
466 2734 622 2800 Antonius
643 2732 745 2799 Marii.

419 2842 493 2905 434.
516 2858 770 2907 nnnonmoun.
787 2837 954 2901 Lueretius
967 2836 1037 2920 ipse
1055 2835 1233 2917 soribebat,
1249 2838 1310 2903 nisi
1325 2838 1441 2917 fallor,
1459 2916 1465 2926 ι

333 2942 484 3026 breuique
506 2938 559 3003 vel
582 2940 768 3024 dr‘aoot'que.
786 2940 952 3024 deuotoque
968 2952 1075 3024 aperto
1098 2945 1147 3003 est
1166 2938 1200 3001 in
1221 2938 1295 3021 lege
1310 2938 1444 3004 Servilia

333 3063 364 3125 p.
378 3045 440 3109 62.
458 3040 555 3105 nostri
572 3039 697 3105 oodioes
721 3059 880 3104 consensu
903 3042 1032 3105 brachia
1056 3039 1207 3106 exhibent
1227 3039 1261 3103 in
1276 3063 1317 3125 ιν,
1332 3046 1393 3112 769
1413 3049 1444 3107 et

336 3149 419 3226 190,
437 3141 495 3206 sed
509 3141 605 3207 iidem
620 3171 638 3206 r
654 3142 772 3208 omisso
788 3144 918 3207 bacchia
932 3141 966 3205 iu
981 3165 1024 3227 ιν,
1038 3147 1100 3211 829
1116 3143 1176 3227 (sio
1189 3142 1352 3209 Medioeus
1367 3145 1446 3211 Ver·

334 3244 405 3327 gilii
424 3243 504 3309 Aen.
525 3267 581 3322 xn,
594 3247 656 3313 209
679 3243 782 3326 prima
805 3263 925 3322 manu,
947 3244 1024 3308 item
1045 3243 1208 3310 Medioeus
1229 3246 1381 3314 Varronis
1404 3247 1444 3315 de

335 3347 449 3428 lingua
471 3345 587 3410 Latina
608 3368 628 3406 v
647 3366 677 3428 p.
690 3349 732 3413 20
755 3346 889 3410 clamide
911 3347 1034 3432 stupeat
1058 3348 1217 3412 boeotium
1227 3398 1236 3431 ,
1252 3349 1308 3413 ubi
1322 3350 1445 3418 Nonius

335 3471 365 3533 p.
380 3454 433 3528 87,
449 3450 490 3516 26
514 3449 682 3530 etacoe‘um,
703 3447 778 3512 item
802 3449 962 3512 bacchium
985 3446 1071 3531 apud
1093 3448 1231 3512 Nonium
1254 3471 1284 3532 p.
1300 3456 1369 3535 117,
1383 3457 1444 3536 26,

336 3549 565 3631 Groninganus
582 3543 743 3632 ¹Propertii
766 3551 895 3614 boeotia
917 3571 959 3632 IV,
975 3553 1023 3627 14,
1036 3547 1093 3633 5),
1116 3551 1264 3615 bracchia
1286 3551 1445 3634 oblongus

336 3653 370 3717 iu
381 3674 426 3730 nv,
439 3654 501 3719 952
518 3656 549 3714 et
565 3649 739 3732 quadratus
753 3652 786 3714 in
798 3673 840 3728 vr,
850 3656 912 3719 397
929 3650 1029 3715 altero
1045 3652 1213 3733 utrobique
1226 3659 1446 3735 repugnante,

336 3761 371 3818 ut
393 3756 550 3836 appareat
570 3751 719 3816 librarios
742 3773 862 3817 morem
884 3758 1040 3817 vetustum
1062 3771 1139 3818 suae
1155 3752 1378 3817 consuetudini
1391 3775 1448 3839 pa-

335 3860 443 3920 rentes
459 3852 675 3936 depravasse.
695 3853 804 3938 itaque
826 3854 877 3918 hio
901 3855 1004 3919 soribo
1028 3877 1284 3933 sanccuroun,
1306 3861 1338 3920 et
1359 3857 1446 3923 brae-

336 3959 410 4022 cbe‘a
422 3961 619 4019 oonstanter.
633 3957 810 4022 braecbe‘om
824 3955 949 4038 digesta
961 3956 1162 4041 Florentius,
1176 3958 1337 4023 bruelium
1352 3958 1448 4024 libro-

336 4078 407 4122 rum
432 4076 591 4121 sacrorum
616 4055 761 4122 oodioes.

425 4163 498 4226 436.
523 4180 640 4221 vnur.
664 4158 717 4223 Sic
740 4158 920 4242 oblongus,
943 4174 1050 4225 ventes
1074 4160 1267 4243 quadratus.
1291 4168 1449 4228 oorreotor

338 4259 473 4342 oblongi
495 4282 626 4324 vunnu.
1333 4316 1335 4318 .
1456 4274 1459 4283 ·

425 4365 499 4429 440.
523 4382 706 4426 nuruum.
736 4362 903 4428 Correotor
930 4363 1060 4448 oblongi
1089 4366 1249 4431 detrudit.
1275 4365 1449 4432 Lambinus

339 4462 458 4530 rectius
481 4484 692 4529 nuunnsru.

1181 4569 1249 4634 24*
