3509 5442
328 567 389 630 158
858 563 904 627 111

324 731 411 797 fieldi
425 731 721 814 interpretationem
735 733 888 815 intellego
902 783 909 796 .
925 733 1033 816 itaque
1048 735 1124 800 mihi
1145 735 1226 801 haec
1247 734 1324 801 ferri
1340 754 1428 820 ponc

324 856 388 899 non
415 832 586 912 videntur,
607 834 669 899 nisi
697 842 770 919 post
796 856 923 901 versum
945 838 1123 920 proximum
1151 838 1283 922 posita,
1306 838 1361 920 qui
1386 844 1429 904 θεῖ

326 937 467 1023 Fudqida
485 941 675 1022 praesertim
696 962 764 1002 com
787 963 913 1003 cernere
934 963 1029 1025 coepe
1050 943 1215 1026 aeqau'mus
1234 990 1241 1005 .
1258 940 1305 1005 ita
1330 940 1427 1016 enim,

324 1037 451 1120 inquii,
473 1063 583 1104 sensus
612 1041 709 1103 trabit
736 1042 881 1122 lumina,
908 1040 969 1104 hcc
1000 1046 1048 1105 esi
1074 1040 1167 1131 dolor
1192 1048 1330 1107 tremere
1361 1040 1430 1106 faciit

325 1142 460 1219 oculos,
488 1159 607 1222 eosque
644 1159 665 1203 a
695 1138 826 1222 fulgidis
860 1140 1007 1206 videndis
1036 1149 1189 1209 retractos
1218 1144 1362 1210 demde
1392 1145 1431 1208 od

324 1247 412 1330 ipsas
440 1247 524 1308 acies
552 1247 583 1306 ct
608 1242 770 1326 pupulas,
793 1265 873 1325 quas
901 1243 964 1308 iam
991 1244 1078 1309 solas
1106 1245 1239 1325 vident,
1262 1247 1429 1312 ruminabo
1460 1248 1462 1329 l

325 1364 429 1408 rerum
452 1343 645 1425 fulgidamm
667 1347 745 1429 quio
764 1345 1037 1430 praepediuntur.

410 1452 482 1515 365.
505 1468 626 1517 uncus
652 1467 764 1519 nuru,
788 1467 860 1516 Qun
884 1468 1067 1511 cunuruus
1090 1470 1190 1530 rns1‚
1213 1448 1330 1513 Osrrn
1354 1473 1428 1514 sus·

326 1571 475 1612 crrruur
503 1571 625 1612 uncum
653 1570 818 1611 nncnusn
845 1570 1017 1612 canonum
1037 1597 1044 1612 .
1067 1550 1196 1615 Nullam
1221 1551 1287 1615 vim
1315 1552 1428 1618 habent

324 1651 424 1730 haec,
441 1676 505 1736 quo
527 1653 683 1714 cernimus
707 1653 788 1736 ipsi.
805 1649 901 1715 debet
922 1671 993 1716 esse
1015 1676 1113 1736 aeque
1135 1657 1216 1719 caim
1228 1704 1237 1737 ,
1254 1675 1347 1725 Qum
1370 1681 1426 1720 ccr-

324 1757 428 1818 aa'mcs
450 1755 532 1839 qimi,
550 1751 640 1816 Ostia
655 1791 716 1816 —.

410 1859 482 1923 372.
517 1853 704 1918 Conponrs
738 1876 859 1926 droun
894 1876 999 1917 nurum
1032 1878 1237 1920 carnorum
1275 1879 1426 1923 mucuns

324 1980 447 2021 rurum
470 1959 684 2023 Annosrrn.
707 1956 892 2021 Rectissime
918 1957 1083 2025 Bentleius
1112 1959 1155 2024 ad
1182 1959 1307 2024 Horatii
1335 1965 1427 2027 arten

325 2059 480 2144 poeticam
495 2064 537 2126 60
559 2060 687 2145 aa'opola
714 2082 837 2121 rnrvrs
860 2059 1038 2146 Adpositc.
1062 2061 1103 2126 de
1132 2061 1292 2126 sententia
1316 2063 1428 2127 Demo·

324 2161 393 2226 criti
423 2181 615 2243 quamquam
646 2160 775 2225 aliunde
807 2181 870 2225 non
899 2167 1022 2226 constat
1047 2163 1150 2249 (certe
1183 2162 1426 2229 Mullachinsin

324 2262 506 2327 Democrito
528 2283 557 2345 p.
575 2268 636 2331 397
658 2262 736 2326 nihil
758 2262 855 2327 habet
876 2263 938 2328 nisi
959 2264 1097 2329 Lucretii
1122 2264 1274 2352 versus),
1290 2271 1396 2330 tamen
1405 2258 1425 2330 'c

324 2361 477 2447 proximis
499 2369 633 2446 apparet
655 2384 726 2427 eum
749 2363 876 2446 singula
898 2364 995 2430 animi
1010 2366 1183 2450 primordia
1202 2367 1342 2450 singulis
1364 2386 1425 2435 cor·

324 2465 411 2550 poris
437 2464 618 2548 primordiis
649 2465 827 2531 alternatim
860 2467 1007 2550 apposita
1037 2466 1192 2533 finxisse:
1217 2474 1317 2551 negat
1349 2469 1423 2535 enin

323 2565 492 2632 Lucretius
520 2567 645 2632 animae
668 2568 842 2650 primordia
868 2573 932 2632 tarn
955 2569 1062 2653 parvis
1083 2569 1261 2636 intervallis
1286 2571 1372 2639 inter
1394 2591 1424 2639 sc

324 2669 461 2734 distare.

408 2776 481 2838 374.
504 2771 587 2835 Nau
616 2795 687 2837 cum
715 2795 836 2838 uunro
864 2796 955 2837 suun
982 2795 1122 2837 nurunn
1150 2796 1347 2840 nnnunurn
1374 2799 1423 2840 rm·

323 2896 439 2937 noan.
456 2873 638 2950 Quadratus
661 2878 783 2957 citime,
799 2874 869 2939 Itali
894 2883 925 2942 et
939 2876 1093 2941 Marullus
1112 2879 1239 2942 ammai
1246 2927 1254 2942 .
1271 2878 1334 2944 hoc
1348 2881 1422 2962 Aug.

324 2975 417 3041 Ferd.
433 2975 577 3054 Nikius,
593 2976 688 3040 homo
709 2976 742 3040 in
764 2976 874 3060 primis
896 2984 1026 3055 acutus,
1043 2978 1076 3041 in
1097 2976 1206 3042 libello
1228 2980 1422 3059 academico,

324 3078 378 3160 qui
405 3078 438 3142 in
468 3079 691 3161 opusculorum
718 3078 788 3143 eius
818 3085 903 3144 tomo
936 3080 1037 3163 primo
1066 3099 1197 3144 recusus
1224 3087 1298 3161 est,
1318 3104 1349 3167 p.
1371 3088 1423 3153 183

323 3181 500 3265 speciosum
531 3199 601 3244 esse
628 3180 704 3244 dicit
736 3180 778 3244 ad
806 3181 1089 3246 commendandam
1118 3180 1283 3247 elisionem
1310 3184 1440 3249 Latinis·

323 3282 465 3364 alioquin
492 3281 680 3345 insuavem.
704 3282 816 3348 videor
844 3282 920 3345 mihi
947 3281 987 3346 de
1019 3282 1081 3348 hac
1106 3303 1141 3347 re
1168 3284 1272 3365 magis
1304 3285 1423 3351 definite

322 3383 506 3468 praecipere
533 3402 629 3465 posse
648 3408 655 3446 z
676 3383 733 3448 sed
763 3383 875 3448 horum
902 3384 1130 3449 vocabulorum
1159 3385 1324 3467 omnium,
1349 3406 1423 3472 quae

321 3485 355 3547 in
370 3485 513 3549 vocalem
529 3482 646 3564 longae
661 3486 764 3549 vocali
786 3486 837 3550 vel
854 3485 1050 3567 diphthongo
1067 3488 1240 3552 subiectam
1263 3487 1422 3568 desinunt,
1461 3546 1462 3558 .

323 3592 470 3669 quat-tuor
498 3605 617 3666 genera
639 3594 785 3652 accurate
808 3587 1035 3668 distinguenda
1057 3596 1154 3668 sunt,
1175 3594 1209 3653 ut
1234 3589 1267 3653 in
1295 3590 1423 3672 singulis
1461 3598 1462 3613 ¹

322 3690 361 3754 de
384 3688 516 3753 elisione
545 3695 735 3769 quaeratur.
762 3709 824 3752 non
859 3697 906 3755 est
929 3688 1011 3753 enim
1035 3691 1148 3756 eadem
1176 3690 1234 3756 sed
1256 3711 1376 3774 magna
1395 3693 1423 3756 in

199 3787 202 3792 ’
321 3791 467 3856 omnibus
489 3789 679 3868 difficultas,
698 3811 768 3855 cum
792 3791 852 3856 sibi
874 3791 1002 3855 vocales
1023 3797 1088 3856 tres
1108 3797 1315 3874 quattuorve,
1332 3799 1423 3876 atque

320 3892 477 3957 interdum
505 3892 665 3974 quinque,
689 3891 881 3970 succedant,
907 3891 968 3955 hoc
995 3898 1044 3956 θεῖ
1072 3912 1179 3960 morae
1202 3898 1353 3976 quattuor
1378 3894 1424 3961 vel

321 3994 461 4075 quinque
475 3993 526 4056 vel
543 4007 618 4070 sex,
635 3993 668 4055 in
690 3992 771 4056 duas
787 3993 929 4077 syllabas
949 3993 995 4057 ita
1010 3994 1222 4073 coartandae,
1237 4000 1273 4058 ut
1293 3995 1327 4060 id
1343 3995 1424 4080 quod

320 4095 354 4157 in
376 4094 481 4158 medio
511 4100 558 4157 est
580 4093 719 4175 aliquam
743 4095 792 4158 sui
814 4094 966 4179 ponderis
987 4102 1111 4178 partem
1134 4097 1276 4160 amittat.
1293 4096 1424 4181 primum

320 4215 423 4277 genus
445 4200 512 4272 est,
529 4215 599 4259 cum
622 4194 656 4256 in
677 4194 739 4258 dne
761 4195 910 4261 vocabuli
932 4201 981 4260 est
1001 4197 1100 4277 longa
1121 4196 1242 4263 vocalis
1263 4205 1340 4263 ante
1361 4200 1425 4265 lon·

320 4316 394 4377 gam
410 4295 554 4359 vocalem
573 4295 639 4359 sive
661 4295 911 4379 diphthongum,
928 4297 1043 4378 quibus
1066 4298 1099 4361 in
1121 4298 1267 4382 proxima
1289 4300 1425 4367 dictione

320 4395 440 4461 vocalis
456 4396 623 4460 subicitur.
640 4396 673 4460 in
695 4397 757 4461 hoc
772 4417 890 4478 genere
912 4398 988 4461 mihi
1003 4404 1122 4463 certum
1136 4398 1261 4463 videtur
1283 4403 1425 4486 syllabas

319 4498 544 4564 vocabulorum
562 4498 727 4579 contiguas
749 4518 921 4582 numquam
945 4501 1162 4566 commisceri.
1178 4519 1284 4582 nequo
1305 4501 1370 4569 hoo
1389 4503 1424 4568 dc

319 4600 431 4665 Plauto
447 4600 551 4664 minus
570 4601 655 4664 valet
677 4619 773 4682 quam
794 4592 834 4664 de
850 4600 985 4665 ceteris.
1002 4602 1088 4683 apud
1102 4602 1187 4666 hunc
1209 4602 1279 4668 sine
1295 4605 1424 4672 elisione

318 4703 426 4766 inveni
456 4701 559 4785 haec,
581 4704 720 4788 Mapaai
744 4705 796 4768 rea'
811 4705 963 4790 publicai
983 4707 1117 4790 pratia,
1141 4709 1207 4768 tum
1233 4709 1423 4790 mmoediai,
