3509 5442
860 549 891 612 Π
1387 554 1429 618 89

406 722 479 788 251.
513 740 611 782 uoru
644 739 877 782 conncrrrun
911 741 1047 783 omnis.
1072 720 1139 784 ltali
1173 724 1204 784 ct
1236 719 1429 786 Veronensis

318 821 417 886 editio
439 844 582 886 morus.

406 927 478 992 252.
503 925 555 987 Er
583 945 724 986 varana
752 944 943 986 uxonrrua
971 945 1092 987 novus
1123 946 1261 988 oanrue
1291 946 1427 987 exarc.

318 1025 391 1089 Itali
414 1028 555 1091 emoritur
580 1049 701 1111 semper
722 1050 819 1090 covus
830 1075 839 1107 ,
862 1045 943 1107 quos
965 1031 1114 1090 secuntur
1127 1025 1293 1110 impressi.
1315 1025 1429 1090 melius

321 1132 372 1191 est
393 1128 436 1190 Er
458 1141 557 1192 vetere
579 1147 725 1188 exsero
750 1129 892 1191 emoritur
914 1151 1031 1193 occire.
1053 1127 1093 1190 de
1115 1128 1351 1210 praepositione
1373 1146 1429 1209 ge-

320 1228 442 1292 minata
463 1226 530 1291 dixi
550 1228 583 1292 in
605 1228 669 1293 fine
691 1227 763 1292 libri
785 1227 899 1310 primi.

407 1332 660 1397 253-304.
694 1331 772 1393 Nnc
799 1351 1138 1393 nucaruauno—
1160 1352 1278 1394 cauus
1308 1352 1429 1394 unuuu

320 1452 488 1494 uersare
506 1479 513 1493 .
533 1430 601 1494 Hos
626 1448 738 1496 versus
761 1454 803 1494 un
829 1431 881 1495 bic
909 1432 1054 1495 omittunt
1082 1431 1256 1513 quadratus
1284 1437 1315 1494 et
1342 1431 1431 1496 sche-

321 1531 403 1609 dae,
425 1531 484 1597 sed
509 1530 591 1594 liber
611 1537 745 1615 uterque
767 1533 863 1597 habet
888 1533 922 1597 in
943 1532 1005 1596 line
1026 1530 1222 1610 voluminis,
1244 1539 1278 1597 ut
1299 1533 1366 1596 dixi
1387 1533 1430 1597 ad

320 1633 439 1698 librum
460 1656 482 1711 1,
496 1637 576 1701 734.
593 1633 714 1699 scilieet
734 1635 768 1698 in
790 1635 900 1700 codice
915 1634 1086 1716 archetypo
1109 1632 1189 1697 haec
1208 1632 1266 1697 fuit
1286 1635 1359 1699 libri
1381 1655 1431 1700 se-

323 1733 419 1800 cundi
442 1735 627 1799 membrana
649 1742 760 1800 sexta:
775 1756 850 1799 nam
871 1735 993 1818 priores
1015 1734 1154 1816 quinque
1169 1740 1338 1800 tenuerunt
1359 1756 1429 1801 ver·
1507 1768 1509 1774 ·

322 1856 379 1900 sus
409 1841 522 1918 poetae
550 1858 632 1899 coin
660 1842 691 1901 et
716 1843 882 1920 praeterea
910 1835 1119 1919 capitulorum
1151 1855 1262 1901 versus
1290 1844 1431 1916 v111‚ut

322 1957 363 2001 ex
385 1937 498 2001 horum
523 1936 629 2001 indice
650 1944 806 2021 apparet.
827 1958 905 2020 ergo
932 1936 1024 2002 huius
1049 1937 1122 2001 libri
1148 1938 1280 2002 secundi
1305 1940 1428 2004 initium

321 2038 381 2103 fuit
402 2038 436 2102 in
457 2037 577 2123 pagina
598 2044 704 2104 recta.

409 2138 483 2209 257.
506 2161 610 2203 sarrs
638 2161 782 2205 avorsa
804 2163 1020 2217 rounam,
1042 2142 1116 2205 Pan
1138 2163 1239 2211 onam
1265 2166 1430 2208 raccar-

322 2265 441 2306 ormua
464 2263 536 2312 Quo
558 2264 669 2305 nuc1r
693 2265 869 2314 Quuuoua
894 2265 1109 2307 versurae.
1130 2244 1165 2307 ln
1188 2244 1237 2310 his
1259 2247 1428 2312 Marullum

322 2366 387 2411 non
401 2343 547 2409 haesisse
568 2344 681 2408 mirum
704 2349 771 2409 est:
788 2345 962 2410 Lambinus
981 2365 1051 2409 cum
1066 2348 1253 2432 voluptatem
1275 2354 1307 2412 et
1321 2352 1428 2414 colan-

322 2463 417 2513 mrem
438 2451 662 2511 commutasset
684 2445 789 2531 (quod
811 2467 895 2512 nunc
922 2447 1016 2511 video
1039 2447 1102 2510 iam
1125 2454 1198 2514 ante
1221 2470 1291 2514 eum
1314 2452 1430 2517 fecisse

321 2546 529 2614 Franciscum
543 2547 698 2612 Medicem
720 2547 894 2612 aVictorio
910 2549 1073 2613 laudatum
1094 2549 1136 2613 ad
1151 2552 1304 2617 Varronis
1324 2573 1430 2619 rerum

322 2649 512 2715 rusticarum
532 2672 554 2726 1,
569 2653 618 2726 17,
630 2648 688 2732 6),
706 2654 832 2713 ceteros
854 2649 883 2713 ei
902 2651 1057 2715 adsensos
1079 2670 1150 2715 esse
1172 2672 1237 2715 non
1259 2653 1353 2718 nimis
1373 2654 1430 2718 mi·

322 2773 399 2815 ror.
422 2747 480 2814 sed
509 2750 705 2828 Lambinus,
732 2749 793 2814 nisi
825 2749 1044 2834 intempestive
1076 2751 1274 2817 meminisset
1297 2755 1430 2835 Vergilii

323 2873 397 2919 esse
421 2853 517 2917 trabit
538 2877 598 2916 aaa
620 2877 771 2938 quemque
790 2853 952 2936 voluptas,
967 2851 1155 2933 intellegere
1177 2858 1300 2934 peterat
1322 2857 1429 2941 colap-

323 2957 385 3018 toci
401 2952 436 3016 in
458 2956 571 3017 neutro
593 2953 734 3016 membro
757 2953 863 3017 locum
887 2971 982 3017 esse:
1003 2973 1077 3016 nam
1104 2954 1218 3036 nequis
1243 2958 1430 3023 volontatem

323 3053 449 3136 utrique
474 3053 587 3118 inferat
607 3054 780 3119 verendum
803 3074 868 3118 non
890 3059 962 3118 est.
982 3059 1114 3136 apparot
1136 3054 1334 3120 scribendum
1358 3076 1430 3122 esse

314 3156 403 3242 fecis
426 3158 534 3229 avolsa
554 3177 767 3235 rornsrss3
788 3154 875 3239 quod
902 3156 997 3237 plane
1023 3156 1186 3248 confirmat
1211 3177 1322 3223 versus
1345 3163 1428 3236 286,

324 3259 408 3325 cade
430 3260 505 3323 baec
528 3272 571 3323 eet
592 3261 680 3323 nebai
702 3262 813 3324 iccata
830 3271 990 3343 potestas.

411 3365 483 3430 264.
506 3381 754 3423 rnoauurnaa
775 3353 928 3430 Quoauu
944 3360 1015 3422 Vru
1032 3383 1198 3425 sumnam
1218 3385 1290 3425 ram
1312 3385 1356 3425 nr
1372 3386 1432 3428 su-

325 3485 407 3527 erro
421 3512 429 3526 .
445 3461 516 3525 Itali
538 3467 569 3525 et
584 3461 758 3527 Brixiensis
780 3461 876 3526 editio
900 3483 1098 3532 nouorum,
1115 3463 1239 3529 Nonius
1261 3486 1291 3547 p.
1304 3469 1377 3544 517,
1393 3471 1432 3535 10

325 3567 438 3632 Omnes
454 3577 551 3628 artem
566 3566 666 3629 secati
677 3578 792 3650 ceperat
803 3565 961 3628 adverbiis
966 3569 1232 3650 praepositionem
1248 3568 1330 3631 adda·
1341 3593 1429 3653 opor-

324 3682 401 3749 tere,
415 3666 472 3731 sed
481 3668 652 3730 auctoritas
663 3680 798 3731 ceteram
806 3668 966 3752 praeponi
973 3669 1068 3730 iubet.
1083 3666 1195 3731 iisdem
1207 3668 1312 3732 verbis
1328 3669 1429 3753 (quod

325 3765 531 3832 memorabile
558 3772 630 3831 est:
655 3787 728 3831 nam
756 3766 894 3832 eundem
924 3768 1049 3849 utrique
1071 3772 1231 3831 auctorem
1257 3765 1431 3850 agnoscas)

324 3868 483 3932 Maximus
497 3867 678 3934 Victorinus
693 3890 724 3952 p.
740 3873 818 3937 1951
837 3870 1006 3935 Adcerbc‘c‘s
1021 3868 1111 3933 edici
1115 3871 1364 3954 praepositiones
1379 3893 1430 3932 me·

322 3984 402 4058 pact
416 3994 519 4035 ornnes
531 3973 665 4036 teobac'cc'
675 3985 834 4057 oportere,
851 3973 995 4056 quomoda
1005 3983 1120 4034 veteres
1132 3970 1259 4033 licenter
1273 3970 1328 4033 asi
1339 3983 1430 4034 caat.

326 4072 375 4137 his
402 4076 535 4153 uterquc
558 4071 672 4136 subicit
702 4073 740 4136 de
762 4074 861 4136 sabito
884 4077 916 4136 ct
938 4072 976 4136 de
998 4084 1142 4156 repente:
1168 4070 1224 4136 sed
1249 4070 1430 4135 Victorinus

326 4174 491 4255 utriusque
512 4172 661 4237 vocabuli
687 4173 831 4256 singulos
854 4178 1001 4238 auctores
1023 4170 1170 4250 adducit,
1186 4171 1310 4237 Nonius
1332 4174 1430 4237 multo
1480 4226 1482 4229 .

325 4276 454 4358 plures.
470 4275 594 4338 Nonius
615 4275 701 4340 hunc
722 4296 846 4340 versum
862 4281 961 4340 totum
980 4272 1095 4352 refert,
1111 4273 1183 4338 libri
1204 4280 1318 4342 111643
1340 4295 1431 4357 prae·

326 4376 682 4444 cantabricarum
706 4376 889 4460 simpliciter
909 4379 981 4441 itera
1003 4378 1171 4440 [secretior
1193 4376 1231 4440 de
1253 4377 1372 4440 subite.

412 4485 484 4548 266.
529 4501 715 4543 narraras
750 4479 868 4544 Corra
906 4499 1056 4542 couerar
1095 4498 1244 4556 enarr,
1272 4499 1429 4543 coucrra

329 4604 396 4647 rna
417 4603 533 4645 rarus
557 4581 674 4646 Ouurs
703 4605 748 4646 ur
774 4603 939 4645 sruoruu
965 4601 1097 4642 mauris
1126 4600 1270 4642 conexa
1293 4600 1430 4650 secux-

329 4706 427 4751 run.
456 4683 639 4764 Quadratus
666 4686 826 4752 materie:
855 4682 927 4749 Itali
953 4702 1162 4748 uacuam.
1190 4685 1257 4746 tum
1285 4681 1434 4767 conquiri
