3509 5442
788 566 832 633 IV

248 736 496 824 Berecyna'am.
512 735 574 802 hoc
595 756 659 801 non
681 736 785 802 minus
800 736 943 822 ineptum
959 743 1007 803 est
1023 739 1116 826 (tuba
1133 741 1216 806 enim
1232 749 1364 827 repente

249 835 283 901 lit
305 836 402 923 tibia)
425 858 519 920 quam
542 837 628 920 quod
641 839 785 905 Catullus
800 847 920 919 urunt}
939 854 1119 929 tympanum
1135 842 1235 908 fertur
1256 847 1365 929 appel·

248 938 339 1004 lasse
363 943 468 1006 robam
492 942 625 1029 Cybebes
636 993 644 1024 ‚
673 942 727 1024 qui
749 944 874 1028 scripsit
897 944 1019 1026 (neque
1042 942 1125 1006 enirn
1148 944 1275 1026 dubito)
1302 950 1361 1034 Dp„

248 1065 371 1128 porrum
387 1057 489 1126 tuom,
508 1042 643 1130 Cybebe,
660 1059 734 1127 too,
750 1061 869 1131 enarer,
887 1049 1000 1110 omitia.
1016 1045 1080 1109 iam
1095 1066 1170 1111 vero
1188 1046 1216 1111 si
1229 1067 1361 1129 quaere-

251 1163 321 1208 mus
345 1142 424 1226 quid
446 1147 578 1210 ez'eriet
599 1143 693 1210 citum
713 1149 841 1213 reboare
861 1148 981 1232 possit,
998 1147 1196 1214 inveniemus
1218 1148 1298 1216 haec
1320 1149 1371 1214 de.

253 1246 329 1310 locis
345 1246 513 1311 commode
528 1245 593 1312 dici
615 1252 646 1312 et
668 1250 708 1313 ab
726 1250 871 1316 omnibus
886 1249 989 1333 poetis
1011 1248 1095 1314 dicta
1120 1269 1210 1315 esse.
1226 1251 1270 1315 ita
1292 1251 1361 1334 ipse

252 1348 420 1413 Lucretius
443 1350 509 1414 Nec
531 1351 671 1415 citharae
692 1353 821 1417 reboaret
847 1354 996 1438 laqueata
1018 1366 1193 1438 aurataque
1216 1368 1313 1436 tecto,
1330 1359 1361 1419 et

251 1451 340 1538 Mrpo
362 1451 524 1537 repleatur
547 1453 615 1515 [σεε
629 1455 756 1518 occidas
771 1493 814 1500 -
830 1457 994 1539 scoriaque
1009 1456 1148 1518 cientur.
1166 1453 1273 1538 itaque
1295 1477 1361 1520 ma·
1397 1473 1400 1479 '

250 1550 401 1617 nifestum
425 1556 569 1618 osteum
596 1553 648 1618 hic
670 1554 836 1639 scripsisse
863 1557 907 1620 Et
926 1577 1070 1619 annona
1092 1579 1223 1621 roccum
1247 1579 1358 1622 uncio

251 1656 313 1719 cita
342 1655 480 1719 barbara
507 1657 664 1721 bombum.
690 1677 794 1754 neque
824 1660 961 1723 barbara
987 1659 1074 1744 rapio
1102 1655 1207 1723 minus
1232 1659 1359 1744 proprie

250 1754 368 1822 dicitur
390 1775 486 1838 quam
507 1761 600 1823 todo.
1294 1775 1297 1781 “

338 1863 411 1927 545.
435 1858 486 1922 ΕΤ
509 1850 661 1924 vaurms
683 1885 793 1925 nucr1
815 1885 944 1934 ronrrs
968 1885 1013 1925 ux
1036 1863 1359 1940 naurcoa1S.Qua·

251 1957 362 2023 dratus
390 1963 421 2023 et
447 1979 467 2023 a
494 1969 670 2027 correctore
698 1964 857 2046 oblongus
887 1981 953 2031 oete
976 1967 1088 2041 tortus,
1110 1963 1185 2027 olim
1209 1962 1359 2047 impressi

252 2087 323 2128 occe
346 2065 456 2128 tortae.
479 2064 634 2130 Antonius
657 2066 749 2130 Marii
772 2068 813 2130 Et
834 2068 941 2132 aalide·
959 2081 1093 2154 corporet
1114 2089 1186 2131 accc
1208 2069 1297 2131 tortae
1320 2092 1358 2132 ca

251 2166 417 2230 Heliconia
428 2215 437 2248 ‚
452 2165 606 2232 Marullus
621 2169 786 2255 Eupolide
808 2195 883 2254 cyro
907 2173 992 2236 icccc
1014 2171 1091 2234 torti
1109 2193 1148 2233 ea
1169 2169 1358 2234 cotroHcli-

251 2268 339 2331 conia
350 2317 359 2349 ,
376 2267 530 2333 Aventius
543 2271 685 2334 Volliboa
701 2285 729 2335 ct
740 2274 918 2358 cppot'oecc
930 2271 1046 2337 detorti
1054 2296 1094 2336 aa
1105 2270 1281 2352 Heliconis,
1298 2269 1359 2334 ‘co-

250 2367 341 2433 dices
356 2366 526 2433 emendati
538 2369 689 2437 Iohannis
704 2374 794 2456 Bapt.
807 2373 855 2437 Pii
878 2374 1019 2438 Vallibca
1039 2386 1067 2438 ct
1081 2373 1175 2459 cycni
1186 2370 1302 2437 detorti
1319 2397 1359 2438 cx

249 2472 432 2554 Heliconia,
444 2471 619 2538 Lambinus
637 2476 778 2540 Vellaeo
791 2489 819 2539 ct
835 2475 1051 2562 cycoipclidis
1063 2475 1127 2539 orti
1135 2499 1174 2537 coc
1186 2474 1358 2557 Heliconia

251 2572 399 2637 Gifanius
417 2575 559 2641 Vallc‘bcs
575 2591 603 2642 et
614 2580 707 2664 cycni
714 2603 786 2642 accc
802 2578 878 2641 torti
891 2601 930 2640 cor
941 2577 1123 2657 Heliconia,
1140 2576 1245 2640 Faber
1261 2578 1357 2641 Valli-

249 2678 308 2741 bua
324 2688 353 2741 ct
361 2675 584 2764 pelidehcycni
595 2682 678 2745 cdrtc'
689 2704 728 2744 eo:
739 2678 902 2742 Heliconia
914 2728 922 2759 7
938 2676 1073 2741 Vossius
1085 2678 1126 2740 Et
1136 2676 1254 2741 calidis
1269 2681 1363 2764 cycni

250 2779 440 2843 torreotehas
452 2803 491 2844 cc
502 2781 679 2865 Heliconis,
693 2782 931 2861 Havercampus
946 2779 1088 2843 Velleius
1100 2792 1128 2843 et
1138 2781 1232 2865 cycni
1238 2781 1359 2844 melicis

241 2881 335 2964 forte
356 2905 396 2945 cac
410 2881 593 2964 Heliconia,
609 2880 825 2946 Wakefieldus
840 2882 883 2945 Et
897 2882 979 2945 calli
997 2883 1103 2968 cycneo
1122 2905 1193 2946 occe
1208 2883 1297 2945 tortas
1320 2906 1359 2946 cc

251 2983 419 3047 Heliconia
434 2981 570 3067 (scilicet
580 2984 761 3070 prelatordic
776 2983 897 3070 cycnea)
910 3034 918 3065 7
936 2982 1092 3063 Forbiger
1107 2982 1226 3047 omissa
1241 2981 1359 3046 Gitanii

251 3082 413 3147 mentione
436 3083 536 3168 (‘n0s'
555 3084 658 3167 inquit
678 3085 806 3149 ‘Eichst
824 3084 978 3169 sequuti')
1000 3089 1130 3169 propter
1145 3083 1359 3167 diphthongos

252 3184 396 3264 scilieet,
419 3187 560 3252 Vallehoa
583 3201 611 3252 ct
633 3191 757 3275 cycnei,
775 3213 846 3253 occe
868 3189 963 3252 tortci
970 3237 978 3268 ,
996 3212 1035 3251 coc
1053 3187 1238 3250 Heliconia.
1253 3184 1287 3248 in
1308 3185 1358 3249 his

252 3287 330 3351 nihil
346 3286 422 3351 boni
442 3287 525 3353 inest
539 3288 602 3354 nisi
617 3287 921 3376 apostematibus,
939 3308 1022 3371 quae
1038 3286 1080 3351 ad
1095 3305 1163 3351 rem
1178 3287 1358 3353 necessario

244 3390 429 3473 pertinent.
445 3389 496 3455 his
509 3389 606 3472 igitur
627 3392 783 3476 susceptis
806 3391 904 3456 verba
920 3395 1067 3473 corrupta
1087 3389 1132 3453 ita
1145 3388 1359 3473 refingemus,

251 3493 293 3557 Et
322 3492 460 3556 callidos
488 3496 581 3579 cycni
608 3497 696 3558 tortae
726 3520 765 3560 ccc
788 3495 971 3559 Heliconis.
995 3511 1077 3574 quae
1103 3490 1270 3557 vocubulis
1296 3496 1359 3555 lra-

251 3594 342 3675 iectis
366 3592 506 3678 (nullum
530 3595 614 3659 enim
640 3594 674 3657 in
701 3594 762 3658 hoc
782 3600 929 3678 poe'mate
956 3593 1142 3658 traiectione
1164 3591 1358 3674 frequentius

252 3694 383 3780 vitium)
405 3695 450 3759 ita
471 3695 505 3760 in
525 3717 652 3762 versum
671 3696 897 3773 formabimus‚
914 3698 957 3760 Et
972 3717 1078 3758 cucur
1093 3696 1182 3758 corta
1198 3712 1358 3755 corruan-

252 3821 360 3863 u1sus
378 3823 419 3864 ece
432 3798 596 3881 Heliconis
610 3851 614 3863 .
632 3820 705 3863 nam
721 3814 818 3865 tortas
830 3799 1005 3879 conualles,
1020 3795 1054 3859 id
1067 3800 1115 3859 est
1126 3813 1238 3858 curvas
1253 3799 1284 3856 et
1294 3799 1358 3857 tor·

252 3907 383 3980 tuosas,
406 3919 463 3965 our
484 3920 594 3965 omnes
618 3900 852 3984 repudiaverint
883 3920 947 3962 non
968 3897 1082 3963 video.
1104 3900 1187 3961 certe
1215 3895 1294 3959 dixit
1313 3895 1358 3960 ita

254 4002 292 4067 de
315 3999 448 4065 flumine
464 3999 596 4067 Ovidius
618 4002 699 4067 libro
722 4022 761 4067 ex
783 4002 884 4066 Ponto
900 4024 943 4080 ru,
959 4005 1007 4078 10,
1019 4003 1060 4066 48
1081 4012 1109 4063 ct
1123 3997 1229 4062 crebro
1244 4001 1359 4065 cortice

253 4117 351 4168 tortam
363 4103 470 4190 Halys
479 4153 488 4186 ‚
506 4103 588 4168 etde
600 4118 682 4169 torto
693 4103 828 4187 Apuliae
840 4129 897 4168 ora
908 4104 1056 4167 Lucanus
1068 4121 1099 4178 u,
1107 4104 1170 4169 378
1182 4101 1358 4165 Ausoniam

253 4231 316 4290 qua
327 4205 630 4292 torqueoofropefer
641 4206 909 4292 oram—Apulos
918 4204 1103 4268 Hadriacas
1115 4202 1359 4288 ccithrqcaaa

251 4309 285 4370 ic
296 4304 403 4374 codas
416 4338 427 4368 .’
439 4309 592 4371 convallia
608 4313 714 4374 autern
726 4307 893 4373 Lucretius
909 4305 1034 4389 scripsit
1047 4303 1080 4368 in
1095 4326 1126 4382 v,
1141 4309 1243 4382 1375,
1258 4305 1358 4370 valles

252 4425 436 4488 nusquam,
465 4406 613 4490 idemque
642 4408 790 4472 Manilius
824 4413 953 4474 secutus
982 4412 1052 4485 est;
1080 4410 1189 4471 contra
1215 4405 1358 4470 Catullus

251 4506 407 4572 Horatius
433 4508 580 4575 Tibullus
603 4508 736 4575 Ovidius
764 4510 892 4575 Gratius
914 4509 1067 4574 Martialis
1093 4510 1192 4573 calles
1217 4511 1357 4583 tantum,

251 4630 317 4674 non
339 4612 522 4696 convallee,·
540 4612 721 4694 Vergilius,
737 4611 908 4691 Lucanus,
924 4611 1071 4676 Valerius
1092 4609 1247 4686 Flaccus,
1267 4607 1359 4670 Iuve·
1462 4692 1465 4696 Δ

251 4711 336 4778 nalis
372 4717 568 4799 utrumque:
596 4719 741 4781 neutrum
781 4714 913 4778 Plautus
950 4711 1117 4776 Terentius
1155 4706 1357 4791 Propertius,

998 4853 1003 4858 -
1094 4816 1139 4879 tu
