3509 5442
328 567 392 631 396
860 559 904 623 Vl

327 737 369 800 39
383 732 461 816 52),
481 734 642 797 Romanos
662 737 769 795 autern
789 730 905 794 milites
924 747 1025 811 parvo
1044 727 1163 812 oppido
1184 729 1324 793 sormam
1339 729 1424 795 deni-

326 834 466 898 nutivam
494 833 663 898 convenire
686 837 773 896 ratos
794 830 952 914 syllabam
973 830 1202 913 paenultimam
1223 831 1425 914 corripuisse:

326 955 402 999 nam
424 936 465 1000 de
486 961 507 1000 n
528 933 692 1000 interiecto
713 954 778 998 non
799 931 958 997 laborabit
979 933 1034 1014 qui
1050 935 1269 998 Termensinm
1284 936 1424 997 materen

328 1037 515 1102 Pisidarum
538 1042 570 1100 et
592 1037 800 1101 Chersonenst'
819 1039 851 1097 et
871 1035 1110 1098 thensaurorum
1132 1033 1339 1098 meminerit.

412 1141 484 1205 811.
508 1159 655 1201 suasis
677 1158 874 1202 nurunns.
899 1135 1066 1199 Correotor
1088 1134 1223 1217 oblongi
1243 1156 1425 1197 unietur.

414 1242 485 1305 813.
508 1240 638 1303 Nouus
662 1260 770 1301 vinus
793 1234 1199 1319 sun1sn.0ptimeltuli
1222 1256 1401 1299 snmsvs.

412 1343 484 1406 815.
508 1338 611 1416 Quos
636 1362 753 1403 01>an
775 1363 810 1403 ru
834 1360 918 1401 nstr
941 1356 1101 1399 conrasi
1125 1358 1354 1414 ursmarus,
1374 1357 1426 1398 ss·

326 1460 501 1502 cnssnsr.
526 1440 691 1521 oblongus
712 1441 816 1524 prima
837 1458 933 1503 manu
949 1439 1036 1516 Quo.
1052 1437 1250 1519 quadratus,
1267 1443 1305 1501 ut
1321 1457 1425 1521 saepo,

325 1565 448 1605 necnee
476 1555 539 1606 est.
562 1542 613 1607 hie
640 1542 784 1606 mirabile
812 1548 862 1606 est
889 1559 985 1624 quam
1013 1560 1122 1605 erasse
1148 1541 1228 1605 vitia
1247 1540 1426 1624 interpretes

325 1640 571 1723 praeterierint.
600 1641 674 1707 vids
704 1643 790 1707 enim
820 1661 902 1725 quae
931 1640 1152 1724 praecedant.
1182 1632 1324 1724 primurn
1352 1641 1426 1717 hoe,

325 1743 437 1806 Nonne
459 1742 546 1809 vides
569 1745 700 1809 cuddae
721 1747 826 1829 perire
847 1747 883 1808 t'n
905 1757 1039 1828 tempore
1053 1767 1159 1828 parvo
1179 1770 1279 1829 qnam
1296 1745 1428 1811 soleant?

324 1842 398 1907 huie
419 1844 536 1926 aliquis
557 1845 795 1926 adiungendum
817 1849 906 1928 putet
927 1843 1014 1927 quod
1036 1842 1197 1925 sequitur,
1221 1859 1251 1911 et
1274 1870 1370 1932 qnam
1389 1846 1427 1908 ei
1470 1858 1471 1927 j

303 2006 306 2011 .
325 1948 374 2010 toi
392 1950 485 2032 copia
507 1947 609 2015 desit?
625 1946 683 2011 sed
704 1945 765 2010 hoc
786 1944 866 2010 illud
883 1959 1034 2010 necessest
1048 1945 1081 2008 in
1096 1951 1239 2011 extrema
1255 1945 1427 2012 sententiae

324 2052 414 2128 parte
429 2067 494 2112 non
508 2047 645 2131 patitur.
662 2046 832 2112 dicendum
854 2066 931 2128 ergo
955 2046 1034 2111 haee
1056 2065 1130 2110 esse
1153 2049 1368 2113 exclamando
1387 2047 1427 2112 al·

326 2147 497 2232 firmantis,
515 2163 542 2214 et
557 2173 654 2234 quom
663 2198 671 2230 ,
688 2152 771 2213 vitai
782 2151 874 2234 copia
889 2149 972 2213 desit
986 2148 1070 2225 Quos
1085 2173 1177 2234 opere
1193 2152 1227 2214 in
1243 2153 1310 2216 tali
1321 2153 1428 2216 cohibet

324 2251 372 2314 eis
386 2274 521 2336 mopso,
538 2251 714 2314 necessest!
736 2248 780 2311 ita
802 2254 886 2313 reete
908 2249 1055 2330 loquetur
1076 2250 1131 2330 qui
1153 2269 1309 2329 oausam,
1326 2271 1381 2315 our
1398 2248 1427 2313 id

325 2350 505 2413 necessario
535 2349 683 2427 eveniat,
706 2349 910 2434 appositurus
937 2354 985 2413 est
1011 2351 1086 2434 (hoe
1112 2356 1219 2415 autem
1246 2360 1345 2437 poeta
1371 2371 1428 2415 non

324 2450 435 2536 facit);
454 2471 518 2514 non
533 2452 561 2515 is
584 2451 638 2532 qui
661 2451 755 2515 modo
778 2450 893 2514 dixerit
913 2457 944 2514 te
965 2452 1037 2517 visu
1058 2453 1110 2517 vel
1132 2452 1243 2517 auditu
1265 2454 1332 2518 iarn
1354 2453 1428 2518 seire

324 2570 420 2634 quam
442 2552 530 2617 brevi
552 2558 694 2635 tempore
716 2550 763 2615 illi
784 2552 888 2635 perire
910 2553 1054 2617 soleant.
1070 2555 1195 2620 aceedit
1209 2554 1300 2637 quod
1313 2555 1371 2618 illa
1384 2557 1427 2618 ab

324 2680 459 2741 napata,
476 2673 631 2736 quassos
653 2653 685 2716 in
708 2653 777 2717 auri
800 2651 945 2718 fodiendi
964 2674 1061 2739 opere
1077 2657 1256 2739 contineat,
1274 2656 1379 2737 qualis
1393 2655 1428 2718 sit

324 2775 387 2819 non
410 2755 487 2820 satis
510 2754 627 2820 diserte
649 2752 767 2817 dictum
789 2761 856 2833 est,
879 2775 948 2820 eum
973 2757 1107 2822 servitus
1129 2756 1352 2838 intellegenda
1373 2757 1426 2821 sit.

322 2857 431 2938 itaque
458 2863 591 2939 apparet
617 2855 714 2938 priori
740 2857 881 2921 membro
909 2877 1023 2921 nocere
1045 2857 1124 2922 illud
1146 2874 1319 2942 necessest,
1342 2858 1427 2924 alteri
1469 2840 1471 2908 i

322 2957 438 3022 deesse
461 2957 724 3038 significationem
747 2961 939 3023 necessitatis
967 2979 1031 3040 qua
1056 2959 1210 3043 inopere
1232 2963 1427 3028 metallorum

323 3063 549 3124 coerceantur.
578 3058 688 3122 miram
716 3057 869 3122 rationem
897 3059 1065 3126 Turnebus
1094 3062 1291 3144 excogitavit
1316 3064 1350 3129 in
1375 3064 1428 3129 ad·
1470 3068 1471 3152 J

322 3160 532 3225 versariorum
546 3159 627 3224 libro
642 3183 729 3241 xxvr,
742 3164 800 3241 13,
816 3181 881 3241 qua
896 3161 974 3227 haee
988 3163 1069 3228 inter
1084 3183 1119 3228 se
1142 3165 1427 3249 coniungerentur,

323 3276 472 3327 necessest
494 3265 542 3326 eis
564 3287 699 3348 mapsa,
715 3261 749 3325 id
771 3268 820 3326 est
839 3267 889 3328 oa's
903 3289 1019 3350 mapna
1034 3269 1224 3350 necessitas5
1240 3269 1352 3348 qualia
1367 3289 1428 3335 oer-

322 3369 387 3426 tum
410 3362 515 3427 loeum
537 3367 645 3426 tenent
664 3381 768 3445 neque
784 3370 873 3429 extra
888 3371 974 3431 artes
989 3367 1185 3451 procedunt,
1201 3374 1236 3432 ut
1251 3377 1302 3434 est
1315 3371 1349 3435 in
1362 3372 1428 3436 iure

322 3464 521 3528 interdictum
542 3465 625 3528 ande
643 3468 679 3530 vi
688 3515 695 3542 ,
716 3465 791 3529 item
812 3466 850 3531 do
874 3468 942 3552 lepo
963 3470 1099 3554 lepotnnt
1109 3519 1118 3552 ‚
1140 3474 1172 3532 et
1192 3470 1282 3551 quod
1301 3473 1378 3537 item
1398 3473 1428 3536 iu

320 3565 389 3628 iure
403 3563 466 3629 diei
480 3564 657 3647 Agroecius
679 3567 905 3647 grammaticus
926 3574 1060 3634 testatur
1074 3590 1104 3653 p.
1117 3573 1201 3637 2271
1218 3573 1356 3640 damnas
1371 3589 1428 3640 estc

322 3668 477 3752 leporem,
493 3686 557 3730 non
573 3668 732 3752 lepnmen,
749 3674 783 3732 ut
798 3675 846 3734 est
861 3670 948 3754 apud
962 3671 1165 3736 Putsehium.
1183 3691 1285 3755 quare
1303 3677 1427 3741 omnino

321 3767 523 3833 scribendum
539 3775 605 3848 est,
621 3769 779 3853 prioribus
794 3771 837 3835 ad
852 3775 964 3838 Nonne
979 3775 1066 3839 vides
1081 3773 1225 3858 reiectis,
1239 3778 1326 3855 Quos
1341 3805 1428 3866 opere

321 3874 354 3935 t'n
377 3872 568 3937 telt’coln'bet
582 3875 630 3937 ot‘s
645 3898 763 3958 mopna
778 3895 972 3938 uncnssrs.
994 3875 1077 3939 hano
1098 3875 1182 3940 onim
1204 3880 1348 3959 genetivi
1369 3880 1429 3946 for·

321 3992 405 4036 mam
428 3980 459 4038 et
480 3974 626 4039 Donatus
649 3975 794 4056 agnoseit
820 3982 851 4039 et
878 3983 1007 4043 senatus
1032 3979 1210 4043 consultum
1232 3980 1275 4045 de
1298 3982 1429 4048 baecha-

320 4075 446 4141 nalibus
468 4075 606 4142 factum.
628 4078 773 4142 Donatus
795 4077 837 4141 ad
852 4079 995 4142 Terentii
1010 4079 1198 4144 Eunuchum
1217 4103 1248 4165 v,
1261 4091 1292 4161 5,
1308 4089 1351 4154 28
1370 4088 1428 4152 Ne.

320 4202 402 4242 cesse
425 4177 610 4260 (legendum
626 4179 794 4264 Neeessus)
819 4195 863 4246 est
886 4206 1017 4247 tremens
1039 4207 1113 4247 nant
1135 4208 1282 4250 necessus
1297 4187 1429 4273 (addeu-

321 4276 396 4342 dum
413 4293 441 4343 et
455 4279 591 4364 necesse)
607 4286 741 4346 necesez's
757 4297 785 4347 ct
799 4287 968 4348 necessitas
984 4297 1012 4348 et
1027 4309 1185 4349 necessum
1200 4280 1315 4354 boton
1326 4291 1429 4356 est.in

319 4400 394 4445 aere
409 4380 648 4445 Vindobonensi
664 4389 727 4459 v‚4
747 4385 804 4449 Set
822 4410 898 4471 ques
918 4400 1001 4450 esent
1021 4389 1096 4472 quei
1112 4388 1197 4452 sibet'
1208 4388 1368 4458 deicerent
1382 4417 1429 4458 ne

320 4507 408 4548 cesus
423 4507 471 4547 ese
487 4482 622 4546 bacanal
635 4485 765 4549 babere.
780 4488 866 4567 quod
882 4487 1132 4568 intellegendum
1148 4495 1198 4554 est
1211 4495 1351 4585 necesses
1366 4494 1428 4560 sive

319 4581 599 4649 necessitatis-esse
609 4634 618 4667 ‚
639 4584 783 4667 legitima
801 4588 940 4670 genetivi
960 4589 1081 4674 forma,
1103 4610 1200 4672 quam
1215 4594 1321 4658 solam
1337 4596 1429 4663 habet

319 4684 433 4753 eadem
455 4685 564 4753 tabula
581 4686 615 4753 in
630 4692 774 4756 nominas
789 4691 905 4757 Latini
917 4697 933 4759 7
951 4697 983 4757 et
996 4717 1019 4759 n
1033 4697 1162 4777 propter
1176 4693 1316 4762 alterum
1330 4723 1353 4764 n
1367 4698 1427 4766 ino

308 4806 412 4840 A
