3509 5442
328 561 391 626 aas
807 536 809 540 ’
859 554 904 620 rv

328 748 447 789 66666
470 748 558 789 sunu
585 726 730 790 166666.
755 725 922 790 Correotor
951 722 1097 807 quadrati
1125 729 1158 790 et
1178 723 1252 789 Itali
1273 725 1361 789 Nam
1384 748 1434 789 sr.

327 825 386 892 sed
409 827 435 891 si
457 828 574 892 adsunt
596 827 785 904 simulacra,
806 826 892 912 qaod
912 852 996 891 66666
1018 846 1083 890 666
1105 827 1220 906 abest,
1237 826 1296 891 scd
1317 825 1352 890 id
1374 847 1433 909 quo

326 929 463 995 fruaris.·
484 930 591 1011 itaque
614 929 817 995 scribendum
844 932 893 993 est
915 928 1000 1014 quod
1019 949 1133 992 Avus.
1156 928 1352 1010 in111‚'1082
1374 929 1435 994 Sed

328 1032 402 1096 dum
425 1033 508 1095 65661
530 1031 616 1116 quod
635 1056 780 1113 avernus,
796 1033 904 1097 61957
928 1029 993 1093 Sed
1013 1032 1090 1116 quio
1111 1055 1233 1115 semper
1255 1054 1331 1094 6666
1353 1031 1433 1117 quod

327 1135 436 1198 adest.
465 1130 651 1198 scholiastes
680 1130 946 1208 Lucani1v,265
969 1132 1068 1209 Aret,
1092 1135 1113 1196 i.
1142 1131 1234 1197 avide
1261 1133 1360 1218 cupit.
1390 1134 1432 1196 cic

327 1235 496 1299 Lucretrirs
517 1259 610 1321 saepe
625 1237 740 1321 pouit.

415 1339 506 1403 1065.
528 1336 580 1399 Er
595 1357 730 1399 666666
745 1356 900 1399 uuonan
916 1355 1149 1399 6666666666.
1169 1335 1328 1400 Marullus
1352 1359 1431 1400 666·

327 1458 489 1501 unsrun.
505 1436 670 1519 pravitatis
684 1436 845 1520 patronis,
861 1434 1082 1515 Wakefieldo‚
1098 1436 1286 1502 Eichstadio
1301 1489 1309 1516 ,
1325 1438 1431 1503 Forbi·

327 1559 404 1621 gero
426 1538 488 1603 hoo
509 1538 633 1622 placet,
649 1542 752 1604 iacere
772 1541 960 1603 coniectum.

415 1645 505 1710 1068.
528 1642 643 1706 Vrcus
666 1662 776 1703 nuru.
802 1639 968 1705 Correotor
991 1640 1122 1724 oblongi
1143 1640 1290 1706 116666.

415 1745 505 1810 1081.
530 1743 756 1814 066661666
778 1761 1012 1806 1666666666.
1036 1741 1217 1819 Quadratus
1240 1744 1404 1832 adfipurrt.

415 1848 505 1914 1083.
528 1868 660 1910 snmus
692 1865 788 1909 uuna
817 1863 924 1906 runnu
951 1866 1111 1908 6666666
1141 1866 1332 1910 6666666.
1360 1846 1428 1925 816,

326 1945 388 2010 6161
410 1945 522 2031 fallor,
544 1949 702 2030 oblongus
724 1944 826 2030 prima
847 1965 964 2009 manu:
987 1952 1145 2012 corrector
1167 1946 1252 2012 Saxo
1277 1946 1355 2012 fecit
1376 1949 1430 2013 clla

326 2049 401 2114 1666
425 2052 570 2136 permina
580 2101 589 2134 ,
612 2049 719 2133 itaque
745 2045 903 2112 Antonius
931 2047 1154 2115 Florentinus.
1176 2049 1353 2131 quadratus
1379 2050 1416 2114 ill

324 2152 488 2237 permira.
510 2158 594 2217 recte
621 2151 742 2215 amicus
768 2148 916 2213 Lambini
937 2171 1069 2214 rnunuc
1097 2172 1282 2230 6666666,
1305 2156 1341 2215 61
1368 2150 1429 2215 dixi

326 2249 368 2314 ad
389 2269 518 2316 versum
535 2258 637 2322 1058.
726 2327 729 2331 ,
892 2247 895 2253 ’

415 2358 506 2423 1085.
529 2354 757 2425 8666666666
779 2376 953 2418 sanun.
976 2354 1129 2440 Impressi
1156 2374 1226 2419 cum
1254 2353 1346 2420 Italis
1372 2376 1430 2417 66-

326 2477 487 2518 666666.

414 2561 504 2625 1089.
529 2581 636 2622 66666
660 2579 760 2628 cusu
782 2580 946 2623 6666666
969 2581 1164 2623 ansanus.
1192 2558 1350 2625 Marullus
1373 2584 1430 2646 quo

321 2659 433 2745 pluria
444 2683 456 2741 ;
476 2679 570 2741 quam
599 2658 746 2725 vocabuli
769 2658 1012 2724 declinationem
1040 2665 1144 2725 utrum
1165 2661 1335 2727 Lucretius
1361 2683 1431 2746 pro·

324 2759 447 2825 bavent
470 2760 549 2825 scire
577 2781 641 2825 non
663 2781 852 2845 possumus.
873 2761 950 2825 mihi
978 2767 1097 2827 certum
1124 2761 1248 2826 videtur
1274 2763 1329 2830 hic
1354 2763 1430 2829 illud

324 2865 415 2927 cuiue
438 2861 714 2946 monosyllabum,
731 2864 771 2929 de
794 2883 856 2946 quo
880 2861 946 2926 dixi
966 2862 1181 2942 1116666149,
1198 2867 1430 2931 correctoribus

324 2962 544 3047 displicuisse:
560 2969 685 3047 poetam
702 2964 785 3029 enim
801 2965 968 3049 scripsisse
981 2965 1125 3031 existimo
1141 2968 1231 3031 66166
1247 2989 1429 3038 cucuron

321 3066 465 3151 plurima
486 3068 653 3149 dedemus,
681 3070 759 3132 Tam
780 3071 884 3155 mcpr‘e
904 3067 1040 3132 ardescit
1068 3068 1142 3132 dr'ra
1165 3069 1342 3156 cuppedine
1357 3096 1443 3158 pce.

323 3180 509 3250 turpeque
531 3168 615 3233 enim
637 3169 767 3252 probari
789 3169 886 3234 debet
906 3195 1001 3257 qoam
1012 3220 1021 3252 ‚
1037 3174 1072 3233 ut
1093 3168 1160 3233 dixi
1181 3168 1263 3234 libro
1277 3193 1314 3252 11,
1326 3178 1409 3242 586.

413 3274 502 3338 1096.
527 3272 694 3347 Turum,
716 3292 787 3341 666
810 3293 930 3336 66666
954 3293 1039 3335 6666
1067 3293 1212 3336 666666
1236 3294 1356 3341 suurn
1375 3298 1430 3338 ur-

324 3392 455 3433 66666.
471 3372 580 3455 Inepte
602 3371 673 3435 Itali
699 3371 806 3437 nescio
829 3373 904 3458 qui,
925 3394 1004 3456 quos
1026 3372 1244 3463 Wakefieldus
1266 3376 1428 3459 sequitur,

322 3486 410 3537 cento
421 3498 492 3558 spes
507 3486 603 3559 rapta
620 3487 682 3538 661.
699 3473 815 3539 fefellit
829 3473 888 3540 hos
904 3496 991 3540 error
1006 3473 1198 3560 typographi
1213 3477 1428 3563 Veronensis,

322 3573 375 3656 qui
397 3573 618 3656 vulgatissimo
642 3577 796 3659 peccandi
816 3596 935 3661 genere
956 3576 1030 3642 16611
1051 3592 1181 3665 raptas,
1205 3597 1277 3641 oum
1300 3576 1430 3646 deberet

321 3690 447 3762 reptat,
468 3681 502 3740 ut
530 3676 704 3742 Brixiensis
734 3684 765 3743 ct
793 3679 950 3744 Antonius
980 3679 1072 3744 Marii
1101 3685 1132 3743 et
1158 3678 1334 3745 Marullus.
1357 3701 1428 3748 vere

321 3778 484 3845 Bentleius
505 3801 654 3843 6666666
677 3801 735 3864 pro
758 3796 864 3864 uento,
882 3779 939 3845 sed
960 3781 1045 3846 idem
1068 3780 1136 3845 siue
1159 3800 1258 3846 eausa
1279 3807 1336 3870 spe
1358 3809 1427 3871 cep-

321 3897 407 3947 tont:
430 3902 504 3947 nam
534 3882 610 3947 satis
639 3889 758 3948 rectum
784 3887 833 3948 est
860 3881 940 3966 hoc,
962 3907 1042 3968 quae
1068 3896 1198 3947 mentem
1225 3908 1298 3969 epea
1325 3898 1428 3971 reptet

320 4010 412 4071 saepe
427 3986 570 4068 66166116,
586 3984 620 4048 id
643 3991 691 4049 est
706 3984 822 4049 misera
837 3984 979 4048 inanium
995 3983 1235 4048 simulacrorum
1250 3984 1427 4069 adipiscen-

320 4085 432 4151 dorum
456 4105 552 4169 spes.
572 4085 715 4152 Lucilius
747 4087 835 4170 apud
855 4085 994 4152 Nonium
1009 4106 1041 4170 p.
1055 4089 1118 4154 289
1140 4087 1204 4151 [llo
1226 4087 1315 4152 oculi
1335 4088 1426 4153 dedu·

320 4202 393 4253 6661
415 4191 482 4273 apsi
501 4202 594 4274 atque
618 4191 758 4253 arrr‘rrrem
781 4215 851 4276 spes
874 4190 951 4254 illue
974 4190 1080 4274 repit.

408 4295 499 4359 1098.
544 4309 720 4352 6666666
758 4313 821 4361 666
861 4313 1003 4355 666666
1037 4312 1244 4354 6666666666
1280 4312 1424 4355 Possm.

318 4395 414 4458 Recte
429 4391 584 4456 Aventius
606 4413 768 4455 6666666
792 4395 970 4481 strepuere.
986 4412 1061 4456 mox
1085 4392 1261 4475 quadratus
1282 4394 1425 4460 torrentis

307 4496 447 4583 flumina
459 4544 467 4576 ,
490 4492 576 4574 quod
597 4492 702 4576 ipsum
725 4514 743 4559 e
765 4493 946 4561 Bertiniano
970 4493 1146 4559 Lambinus
1168 4493 1291 4560 adfert:
1307 4495 1425 4562 Havet-

319 4615 450 4680 campus
473 4595 575 4660 fallit.

405 4701 498 4767 1115.
523 4720 708 4766 conmori
730 4721 894 4767 666666.
916 4698 1092 4773 Lambinus
1114 4720 1327 4775 66666666.
