3509 5442
318 548 381 614 326
855 538 885 604 V

319 719 461 780 tassent.
482 716 601 795 quanto
628 712 744 778 rectius
770 715 837 774 erat
862 714 917 772 aut
944 714 1049 773 cetera
1071 713 1263 790 argumenta
1285 708 1427 776 conside-

321 837 392 881 rare
421 822 476 881 aut
501 813 582 879 illud
607 814 712 897 ipsum
739 816 768 878 u·
791 812 907 895 quibus
933 809 1049 875 finibus
1082 810 1298 876 contineretur
1325 811 1427 878 denuo

322 936 475 999 quaerere
489 917 496 979 1
509 915 586 979 mihi
601 915 737 998 paucula
749 912 891 978 delibare
903 911 997 989 libet,
1009 932 1049 978 ne
1060 910 1154 976 nimis
1166 931 1338 977 excurram
1351 961 1358 976 .
1371 914 1429 997 pri·

322 1039 407 1082 mum
422 1017 604 1100 Propertius
619 1037 683 1081 non
698 1015 793 1078 modo
809 1013 968 1078 distractis
983 1013 1118 1097 syllabis
1138 1014 1173 1078 111
1187 1014 1344 1096 genetivo
1360 1017 1428 1080 sub

323 1119 530 1185 stantivomm
553 1137 628 1182 casu
649 1117 789 1200 primus,
805 1113 972 1180 sedetiam
987 1113 1148 1199 disyllabo
1164 1136 1184 1180 a
1198 1121 1286 1181 recto
1301 1116 1431 1182 tribrevi

324 1221 411 1286 solus
426 1240 504 1285 usus
520 1225 587 1298 est,
604 1238 675 1283 cum
690 1217 770 1282 dixit
782 1242 872 1281 arma
884 1218 976 1281 Mori
988 1222 1019 1281 et
1034 1220 1209 1304 benefacta
1221 1221 1318 1284 Mari
1325 1269 1335 1301 ,
1352 1225 1431 1284 Tam

324 1325 428 1388 animi
436 1347 544 1387 venere
556 1323 640 1386 Deci
648 1371 656 1402 ,
674 1320 812 1385 contudit
830 1343 921 1382 orma
936 1320 1011 1382 Tau·
1018 1369 1027 1401 ‚
1047 1319 1124 1384 item
1136 1322 1228 1385 basta
1242 1322 1321 1384 Tati
1329 1325 1362 1384 et
1376 1346 1432 1386 ora

328 1425 418 1487 Turi.
434 1423 494 1486 hoc
517 1421 600 1486 enim
622 1422 728 1487 nullus
750 1427 927 1485 ceterorum
948 1419 1086 1484 imitatus
1108 1426 1176 1500 est,
1192 1441 1254 1486 nec
1266 1420 1365 1487 facile
1379 1421 1432 1486 ad·

325 1523 424 1588 ducor
445 1528 480 1587 ut
501 1521 628 1587 credam
644 1522 792 1587 Ovidium
816 1521 915 1586 semel
939 1524 1015 1586 Tati
1033 1520 1199 1605 scripsisse
1221 1523 1257 1587 in
1278 1522 1432 1588 fastorum

325 1647 347 1703 1,
359 1629 443 1694 260.
459 1624 492 1688 in
514 1624 659 1690 versibus
682 1623 839 1690 scaenicis
860 1628 985 1688 veteres
1005 1623 1055 1688 his
1077 1623 1245 1709 disyllabis
1267 1625 1320 1691 usi
1343 1632 1432 1710 sunt,

327 1724 385 1792 sed
406 1726 626 1809 paucissimis,
639 1729 727 1812 preti
746 1727 806 1789 viri
825 1723 905 1809 (non
917 1728 995 1810 perci
1007 1722 1077 1789 larii
1085 1726 1158 1810 foti
1169 1727 1234 1792 ooli
1245 1730 1335 1814 cpoli
1344 1729 1435 1816 pladi

326 1829 415 1893 studi
423 1827 457 1913 ),
474 1834 505 1894 et
526 1834 599 1911 post
612 1826 788 1908 Vergilium
803 1846 896 1890 nemo
909 1876 917 1904 ,
935 1827 1025 1892 cuius
1040 1831 1088 1891 661
1108 1824 1143 1888 in
1157 1825 1278 1891 Sabino
1299 1831 1433 1896 colonus

327 1933 474 2016 ebapctum
490 1932 570 1994 celei:
582 1926 747 1992 Phaedrus
770 1933 801 1991 et
816 1927 938 1992 Seneca
957 1932 1058 2015 pretii
1076 1930 1161 1993 senii
1169 1975 1177 1991 .
1193 1934 1227 1992 at
1239 1928 1274 1993 in
1287 1930 1434 1996 versibus

326 2031 519 2097 hexametris
541 2031 668 2096 diversa
691 2036 738 2093 661
759 2029 1012 2095 observatiam
1032 2030 1175 2110 Moreto,
1191 2031 1280 2112 quod
1308 2051 1434 2097 carmen

328 2132 520 2215 Vergilianis
535 2137 639 2196 aetate
661 2151 720 2214 par
734 2151 806 2197 esse
822 2132 968 2197 existimo
981 2182 989 2211 ,
1006 2137 1047 2200 89
1062 2133 1142 2197 Inde
1157 2157 1261 2197 comae
1277 2136 1432 2220 6611916-

328 2237 403 2300 ciles
414 2285 423 2317 ,
438 2234 509 2318 ipse
537 2233 695 2315 Vergilius
722 2233 756 2297 in
777 2232 941 2298 Aeneidos
972 2256 1018 2312 111,
1035 2237 1095 2302 702
1121 2235 1330 2321 inmaniaque
1357 2237 1435 2301 Gela

318 2338 419 2423 fluvii
438 2337 617 2421 copuomc’rcc
640 2333 724 2398 dicta
736 2358 746 2400 .·
759 2334 799 2399 de
821 2334 882 2398 hoc
904 2333 988 2398 6111111
1009 2354 1125 2416 161611,
1141 2354 1236 2418 quem
1258 2335 1359 2401 Silius
1372 2359 1435 2417 1111,

329 2440 391 2504 218
414 2442 445 2499 61
461 2435 655 2500 Claudianus
678 2435 717 2500 de
740 2440 831 2518 rapbr
845 2439 1034 2514 Pros.11,58
1056 2435 1169 2502 imitati
1189 2437 1436 2520 6111116616-

329 2558 399 2601 rum
424 2536 540 2602 rectius
567 2537 600 2601 iu
626 2538 861 2603 commentariis
889 2536 931 2602 ad
956 2537 1072 2601 librum
1094 2561 1131 2600 111
1156 2538 1297 2604 iudicare
1322 2560 1436 2606 censeo

331 2659 426 2721 quam
449 2638 491 2703 ad
512 2663 555 2721 rx,
572 2644 628 2707 151
644 2688 652 2716 ,
668 2657 771 2720 neque
786 2639 1055 2721 praetereundum
1078 2647 1127 2705 est
1140 2646 1286 2724 poetam,
1305 2661 1377 2706 cum
1392 2641 1437 2704 di-

330 2740 372 2806 cit
395 2744 559 2828 campique
575 2743 685 2823 Geloi,
701 2741 801 2822 Gela,
817 2742 947 2807 Homeri
968 2741 1025 2806 illa
1047 2742 1245 2825 exprimere,
1262 2762 1348 2824 quae
1366 2749 1438 2808 sunt

329 2843 363 2907 in
379 2847 402 2926 β
423 2843 543 2907 iliados
560 2848 641 2920 111,
658 2841 764 2928 παραὶ
786 2838 955 2928 Βοιβηίδα
981 2838 1116 2928 λίμνην,
1133 2839 1258 2931 Βοίβην
1280 2843 1340 2910 καὶ
1354 2851 1385 2910 Γ
1383 2845 1439 2912 λα·

332 2942 460 3033 φύρας.
477 2951 550 3009 ante
566 2943 660 3009 huius
674 2951 818 3028 tempora
831 2945 936 3010 Attius
951 2945 1062 3009 maluit
1065 2948 1190 3033 fluviae
1202 2947 1237 3010 in
1252 2947 1438 3032 Oenomao,

330 3048 417 3134 apud
438 3046 576 3132 Nonium
599 3067 628 3130 p.
648 3050 771 3123 16111).
789 3046 846 3110 sed
873 3053 907 3111 ut
928 3047 1106 3130 Vergilius,
1121 3048 1166 3112 ita
1188 3048 1320 3114 Gratius
1347 3056 1439 3120 1838

331 3151 424 3214 Latii
431 3198 440 3231 ,
456 3149 556 3234 spatii
569 3147 776 3212 Germanicus
791 3153 874 3226 531,
890 3147 923 3212 in
938 3148 1076 3231 plurium
1091 3151 1286 3234 syllabarum
1300 3153 1441 3217 vocabu-

330 3251 371 3316 lis
387 3249 516 3315 diducta
531 3250 670 3330 genetivi
685 3248 787 3311 forma
801 3269 866 3321 uon
882 3250 930 3314 usi
943 3298 950 3312 .
964 3271 1156 3333 quamquam
1167 3252 1247 3317 haec
1257 3251 1324 3318 fere
1336 3253 1440 3320 adice

332 3352 397 3417 tiva
410 3357 503 3429 sunt,
520 3357 603 3416 66116
619 3353 769 3427 Lartem,
785 3350 943 3432 itemque,
959 3351 1020 3416 uisi
1035 3351 1148 3432 fallor,
1165 3373 1204 3419 ea
1219 3374 1302 3436 quae
1317 3355 1440 3423 incerto

332 3472 411 3520 sexu
427 3457 519 3536 sunt,
533 3455 642 3537 opium
657 3455 751 3537 opius
764 3500 772 3533 ,
779 3453 1013 3539 fluvz'cefluoia
1024 3480 1034 3520 :
1045 3454 1079 3518 111
1090 3454 1256 3520 adiectivis
1266 3462 1375 3522 autem
1386 3477 1440 3542 ge-

332 3553 456 3619 netivus
484 3551 611 3616 brevior
645 3552 752 3617 locum
783 3573 847 3618 uon
874 3553 989 3636 habet,
1012 3564 1044 3623 61
1076 3557 1257 3623 observavit
1281 3559 1441 3643 Hauptius

331 3655 376 3722 ita
391 3653 549 3720 Catullum
573 3653 691 3720 dixisse
713 3654 867 3738 gignendi
892 3676 969 3722 casu
991 3685 1007 3725 ο
1029 3662 1111 3724 stibi
1128 3662 1236 3724 nuntii
1255 3661 1343 3726 beati
1358 3667 1440 3746 ab,

331 3776 435 3839 neque
463 3776 655 3839 quemquam
683 3761 793 3839 ααναί,
810 3760 956 3839 quamvis
984 3761 1148 3827 Ciceronis
1175 3760 1238 3825 siut
1265 3768 1388 3848 aquari
1412 3770 1442 3830 et

332 3861 499 3945 sapr‘ttari.
515 3863 621 3922 manet
635 3863 742 3923 tamen
763 3864 864 3945 spatii
871 3887 883 3944 ,·
899 3863 985 3944 quod
1006 3863 1034 3929 si
1060 3861 1182 3945 antiqui
1196 3883 1275 3929 usus
1291 3875 1363 3947 661,
1379 3868 1442 3932 Ho-
1462 3903 1464 3906 ·

331 3960 432 4025 ratius
455 3979 582 4042 quoque
604 3964 635 4025 61
658 3961 774 4046 Caprir'
792 3962 896 4043 prima
919 3971 1064 4047 correpta
1092 3970 1123 4028 61
1149 3963 1264 4030 eadem
1286 3967 1442 4050 producta

334 4064 435 4148 Capri
455 4061 575 4126 dixisse
598 4067 652 4124 aut
673 4062 837 4126 arbitrium
859 4064 1012 4130 lectorum
1039 4064 1153 4131 fecisse
1179 4066 1301 4149 potuit.
1320 4071 1380 4135 sed
1401 4069 1441 4136 ad

332 4162 530 4246 Propertium
560 4163 689 4245 redibo,
710 4184 804 4246 quem
832 4167 960 4232 minime
989 4173 1171 4233 novatorem
1201 4166 1301 4234 fuisse
1333 4174 1440 4258 solus,

332 4268 429 4346 puto,
445 4263 600 4344 Forbiger
623 4264 683 4329 sibi
704 4267 882 4348 persuasit:
905 4275 989 4335 certe
1011 4289 1104 4334 nemo
1126 4276 1199 4335 aute
1214 4269 1301 4336 huuc
1315 4273 1441 4359 longius

333 4365 373 4429 ab
406 4364 537 4446 antiqua
570 4365 714 4430 castitate
748 4370 902 4434 sermonis
929 4372 1079 4437 recessit.
1095 4373 1203 4455 itaque
1231 4373 1440 4444 Germanicus

333 4464 462 4550 quidem
483 4466 517 4540 in
539 4465 599 4531 hac
620 4486 656 4531 re
673 4473 812 4533 veterem
827 4473 1088 4540 consuetudinem
1109 4474 1270 4558 sequitur,
1286 4477 1366 4544 item
1378 4481 1440 4546 Ma·

332 4568 447 4651 uilius,
462 4567 609 4634 laudator
637 4567 763 4635 Pisonis
789 4571 1001 4656 Calpurnius,
1016 4576 1166 4642 Persius:
1188 4583 1301 4645 contra
1329 4583 1439 4667 primi,

332 4677 367 4763 ut
393 4671 578 4738 aBentleio
605 4676 689 4738 recte
718 4672 919 4741 observatum
947 4683 1014 4764 est,
1029 4679 1215 4765 Propertius
1247 4687 1280 4746 61
1310 4683 1440 4760 Ovidius
