3509 5442
796 566 841 629 rn
1312 575 1374 640 199
1434 659 1438 671 Ι

260 739 328 801 Tuo
351 737 523 817 imbuisse,
541 762 556 802 e
568 737 648 821 foro
671 739 821 818 otiosum,
843 763 902 802 sua
925 741 1087 823 occupati,
1104 739 1192 802 Noui
1210 740 1370 824 umbilici,

258 839 310 902 dr'e
334 840 430 902 otiosi
439 861 448 900 .·
464 836 595 901 Horatio
615 838 649 901 in
664 837 837 903 carminum
854 861 900 916 111,
913 842 951 904 21
977 858 1041 901 non
1063 838 1166 903 ausim
1189 839 1369 906 adscribere

257 963 344 1003 ruere
366 939 539 1004 recaluisse
550 989 558 1021 ,
580 944 612 1003 et
634 937 766 1003 Ovidius
789 938 877 1004 hiare
905 940 1343 1018 maluitamorum11,13,ar
1360 992 1369 1023 ,

254 1042 468 1125 precibusque
482 1044 559 1105 meis
571 1041 654 1126 fove
668 1041 821 1123 lir'rtpra.
838 1041 895 1105 sed
912 1041 997 1122 quod
1013 1039 1149 1105 maxime
1164 1042 1369 1107 memorabile

257 1147 328 1221 est,
344 1161 411 1205 non
427 1141 544 1223 exigua
566 1160 640 1224 pars
655 1146 818 1223 poetarum
835 1143 875 1205 ab
893 1142 1026 1207 elisione
1040 1142 1272 1223 vocabulorum,
1289 1150 1369 1206 tam·

203 1303 210 1317 ,
256 1244 402 1309 bieorum
413 1243 541 1307 omnino
550 1241 929 1325 abstinuerunt:primum
943 1241 1071 1324 quidem
1080 1243 1269 1325 quicumque
1278 1263 1368 1326 prae-

256 1351 306 1411 ter
324 1344 485 1411 Catullum
512 1346 543 1406 et
563 1343 761 1425 Propertium
780 1344 924 1408 Undenis
946 1342 1145 1427 pedibusque
1172 1345 1369 1428 syllabisque

257 1448 480 1531 scripserunt,
499 1443 645 1508 Tibullus
672 1465 742 1509 cum
771 1445 938 1528 Lygdamo
966 1450 998 1510 et
1024 1445 1190 1528 Sulpicia,
1213 1446 1366 1526 Ovidius,

256 1551 465 1633 Priapeorum
481 1551 613 1629 poetae,
629 1545 802 1624 Martialis,
819 1546 876 1610 sed
900 1547 988 1610 multi
1005 1567 1131 1629 quoque
1157 1548 1229 1627 alii,
1245 1549 1368 1614 Ennius
1447 1622 1465 1651 ·

256 1652 288 1716 in
315 1648 536 1725 hexametris,
555 1646 656 1711 Varro
689 1652 778 1710 extra
805 1647 961 1712 Sotadeos
979 1700 987 1726 ,
1008 1647 1174 1712 Lueretius
1192 1699 1199 1725 ‚
1220 1650 1367 1714 Valerius

258 1754 359 1831 Cato,
377 1750 526 1828 Gratius,
541 1749 710 1825 Manilius,
725 1747 846 1813 Iliados
876 1749 1052 1832 interpres,
1074 1749 1272 1827 Columella,
1290 1751 1366 1813 Per·
1493 1806 1495 1812 .

258 1855 346 1919 sius.
366 1853 401 1917 in
425 1849 697 1934 hendecasyllabo
719 1855 846 1928 tamen,
867 1858 903 1915 ut
924 1855 1021 1933 puto,
1042 1850 1216 1915 Bibaculus
1243 1851 1368 1935 duplici

257 1972 331 2045 rope
358 1956 518 2020 iuvaturus
546 1951 631 2035 apud
661 1948 839 2016 Charisium
856 1974 886 2036 p.
907 1957 991 2020 102.
1012 1953 1044 2016 in
1067 1953 1201 2035 Priapeo
1217 1957 1266 2025 64
1282 1952 1364 2015 male

257 2064 369 2122 eontra
394 2055 538 2121 oodioum
559 2052 654 2117 fidem
670 2052 814 2118 scribitur
829 2059 985 2120 sustr'rrerrs
1009 2057 1065 2120 diu
1088 2061 1257 2139 aeatdtern:
1272 2048 1375 2118 debet'

258 2179 329 2224 esse
343 2160 464 2224 Parum
480 2156 620 2241 estquod
629 2205 638 2237 ,
656 2157 706 2221 bic
718 2158 891 2241 utfixiruus
903 2159 998 2222 semel
1007 2157 1109 2222 sedern
1121 2207 1129 2238 ,
1145 2158 1265 2244 Aperite
1280 2169 1365 2219 terro

255 2286 315 2346 per·
329 2259 507 2325 curriculum
530 2259 630 2322 rimus
645 2259 846 2324 Sitieulosuru
862 2261 1050 2324 sustinemus
1065 2272 1230 2324 aestatem.
1246 2277 1286 2321 ex
1301 2256 1366 2321 ele-

257 2363 424 2444 giacorum
446 2378 576 2424 numero
593 2358 812 2442 excerpendus
835 2365 884 2424 est
907 2361 961 2440 qui
977 2360 1155 2442 composuit
1176 2360 1218 2422 ad
1232 2358 1365 2422 Messal-

257 2464 321 2527 lam
345 2481 493 2539 carmen,
508 2461 542 2524 in
565 2479 627 2542 quo
651 2466 699 2525 est
720 2464 814 2526 rubro
829 2464 919 2526 Eleis
934 2465 996 2539 32,
1011 2462 1086 2526 item
1110 2461 1163 2544 qui
1185 2459 1310 2542 scripsit
1330 2459 1364 2522 in

257 2563 396 2647 epistula
420 2563 563 2626 Helenae
578 2565 618 2628 91
638 2563 734 2626 Disce
760 2588 825 2629 meo
852 2566 1012 2649 cuemplo.
1033 2562 1089 2627 sed
1116 2563 1150 2626 in
1172 2561 1306 2644 Priapeo
1323 2565 1364 2628 84

257 2663 461 2731 scribendum
476 2668 525 2727 est
545 2664 621 2728 Vere
636 2686 710 2726 roso
720 2712 730 2745 ,
741 2668 845 2748 porris
864 2679 1031 2746 auturrrrro,
1047 2684 1112 2728 non
1127 2689 1201 2729 rosa
1216 2668 1364 2728 autumno

253 2769 494 2854 parabatque
515 2765 548 2827 in
570 2762 684 2828 Ouidio
707 2784 849 2829 amorum
865 2790 899 2844 11,
913 2772 962 2844 19,
972 2770 1014 2834 20
1037 2772 1068 2830 et
1088 2765 1121 2829 in
1143 2764 1287 2828 Martiale
1308 2784 1364 2844 vn,

258 2873 308 2946 20,
321 2872 367 2936 20
380 2865 532 2931 Heinsius
546 2866 707 2949 peccavit,
724 2886 795 2930 cum
810 2867 885 2932 fecit
900 2871 972 2932 rime
984 2868 1122 2932 iusidias
1135 2871 1166 2930 et
1181 2866 1269 2930 domo
1284 2871 1365 2930 ruru-

259 2972 312 3035 bt.
329 2968 547 3052 qnod'autem
568 2967 602 3031 in
625 2987 755 3051 operum
772 2967 998 3034 ovidianorum
1022 2966 1257 3050 corruptissimo
1281 2965 1365 3050 (tris-

257 3071 300 3136 tia
310 3069 400 3154 Meo)
411 3069 527 3150 legitur
537 3068 692 3134 distichon
704 3069 744 3133 ab
757 3070 842 3133 omni
852 3074 943 3153 parte
956 3067 1128 3133 absurdum
1140 3119 1147 3145 ,
1158 3067 1239 3132 libro
1251 3090 1284 3145 11,
1292 3071 1364 3144 295,

265 3173 390 3238 Venerit
415 3174 449 3235 iu
470 3173 582 3258 crepui
597 3171 764 3256 tempium,
781 3184 835 3234 tuu
849 3194 999 3253 munera,
1015 3172 1151 3253 Martie,
1168 3170 1236 3235 Stet
1251 3171 1365 3244 ‚Verius

265 3276 371 3340 Ultori
389 3275 497 3358 iuncte
517 3274 586 3336 viro
609 3285 680 3336 aare
692 3273 786 3358 fores
810 3268 898 3357 (nam
922 3291 1027 3355 neque
1048 3272 1081 3335 in
1094 3270 1248 3354 templum
1270 3269 1366 3334 intrat

260 3375 311 3457 qui
335 3393 377 3440 ea
400 3393 482 3457 quae
505 3377 583 3440 ante,
599 3371 685 3438 fores
712 3377 785 3437 sunt
805 3370 914 3437 videre
935 3374 1022 3451 vult,
1038 3392 1142 3455 neque
1163 3374 1248 3437 Mars
1263 3373 1366 3437 Vene-

257 3478 300 3542 ris
322 3476 373 3542 vir
396 3480 463 3553 est,
480 3473 537 3539 scd
552 3474 728 3559 Vulcanus)
741 3472 798 3552 ,id
817 3493 1009 3559 quamquam
1032 3475 1203 3540 emendare
1224 3494 1288 3538 non
1309 3492 1367 3555 po-

258 3585 381 3656 teram,
401 3596 465 3641 non
489 3581 597 3640 tamen
624 3580 793 3658 propterea
821 3576 992 3642 credebam
1020 3576 1168 3642 Ovidium
1195 3577 1263 3639 viro
1295 3581 1366 3638 dure

258 3682 401 3748 scribere
421 3679 581 3764 potuisse,
599 3677 717 3760 quippe
739 3677 793 3759 qui
814 3677 848 3741 in
870 3684 957 3744 tanto
974 3679 1146 3743 carminum
1168 3694 1298 3739 numero
1319 3673 1367 3736 ni-

259 3785 302 3848 hil
326 3801 463 3865 usquam
487 3779 589 3845 simile
611 3798 710 3844 ausus
726 3784 828 3844 esset:
845 3801 930 3845 nunc
944 3782 1043 3844 Maur.
1059 3776 1217 3860 Hauptius
1239 3795 1366 3838 manum

257 3891 374 3970 poetae
392 3880 614 3948 emendatione
628 3881 843 3965 pulcherrima
863 3881 1000 3947 restituit
1020 3880 1085 3955 ita,
1101 3880 1170 3944 Suu
1190 3880 1292 3941 Venus
1313 3877 1367 3941 Ul-

258 3989 324 4053 tori
335 3988 464 4067 iuucta‚
479 3987 530 4049 cir
545 3984 735 4070 anteferes.
751 3982 836 4047 idem
851 3987 957 4047 tamen
970 3981 1102 4046 Ovidius
1116 3978 1197 4044 loeis
1211 3997 1277 4041 non
1290 3998 1368 4061 pau-

259 4089 305 4154 cis
330 4101 376 4152 eat
397 4105 468 4152 cnm
490 4085 655 4151 vocabulis
675 4083 820 4149 'iambicis
844 4083 983 4163 collisit3
1004 4084 1037 4147 in
1060 4103 1123 4164 quo
1145 4078 1283 4145 dubitari
1304 4100 1369 4144 non

258 4194 368 4273 potest
389 4187 465 4269 quin
488 4214 503 4254 e
521 4189 659 4252 litteram
682 4184 914 4268 suppresserit,
931 4200 1031 4267 tuost,
1047 4196 1180 4264 meacm,
1198 4182 1305 4263 locist,
1321 4207 1368 4247 so-

260 4293 334 4373 leat,
345 4303 465 4377 repeat,
478 4289 576 4370 diuet,
589 4289 701 4352 rrecist.
714 4290 811 4367 atque
827 4285 939 4351 eadem
951 4286 1049 4364 haee,
1065 4305 1105 4351 ex
1116 4283 1155 4348 iis
1170 4282 1273 4367 politis
1288 4301 1369 4365 quos

259 4389 444 4458 cautissime
468 4390 503 4454 in
523 4390 585 4454 hoc
606 4406 724 4470 genere
745 4393 890 4452 versatos
912 4407 984 4453 esse
1006 4387 1092 4464 dixi,
1114 4386 1232 4450 habent
1253 4384 1370 4448 Lucre·

259 4494 344 4576 tius,
360 4491 507 4557 Tibullus
522 4513 565 4570 1v,
576 4496 607 4569 4,
621 4495 638 4557 l
654 4489 763 4553 mulier
778 4494 809 4552 et
829 4489 863 4553 in
877 4490 1015 4579 Priapes
1030 4489 1150 4569 acciet,
1168 4485 1296 4551 Gratius
1306 4488 1370 4551 412

259 4595 395 4676 malost,
410 4593 559 4658 Manilius
575 4595 676 4669 near
689 4594 750 4658 491
761 4595 867 4676 pariet
883 4597 915 4655 et
926 4592 1035 4671 Iovia,
1047 4588 1262 4671 Priapeumlb
1274 4587 1371 4649 vireat

262 4699 345 4766 etet
361 4707 467 4778 euest,
482 4693 611 4759 Persius
626 4696 716 4771 rull
733 4694 852 4780 contu,
867 4691 1022 4759 Martialis
1036 4713 1082 4769 111,
1091 4694 1131 4757 97
1146 4699 1261 4763 meost,
1276 4705 1319 4762 rr,
1330 4687 1369 4754 16
