3509 5442
859 561 904 628 lv
1367 560 1429 628 221

323 735 413 802 aretii
434 756 502 799 xxv
529 739 562 802 et
587 731 717 818 capituli
743 729 873 796 titilus.
895 749 934 795 ac
955 728 1090 813 primum
1118 729 1245 811 quidem
1270 731 1332 798 hoc
1353 732 1431 812 trit,

322 841 466 918 Quorum
481 862 578 903 unum
593 835 721 923 quidvis
736 835 844 899 leviter
859 832 984 918 aiforte
999 830 1119 895 duobus
1132 832 1283 920 Aetolaque
1299 834 1429 923 diptico,

321 940 354 1004 in
378 937 665 1005 eam'sententiam
686 953 783 1017 qnam
796 934 955 998 Homerus
977 932 1010 996 in
1025 931 1180 997 infinitum
1203 935 1291 1000 auxit
1312 935 1353 1002 de
1375 957 1433 1001 un·

321 1047 444 1124 guento
466 1038 598 1104 Iunonis
620 1037 732 1102 dicens
757 1037 826 1101 Τοῦ
852 1033 909 1100 καὶ
930 1031 1119 1116 κινυμένοιο
1142 1037 1228 1116 Διὸς
1249 1037 1333 1105 κατὰ
1353 1040 1432 1121 χαλ·

321 1141 467 1228 κοβατές
490 1142 539 1208 δῶ
552 1132 690 1226 ’Έμττης
712 1137 746 1217 ἐς
768 1133 866 1225 γαῖάν
888 1161 924 1203 τε
953 1135 1010 1202 καὶ
1031 1132 1174 1223 οὐρανὸν
1194 1135 1277 1206 ἵκετ’
1302 1135 1409 1229 ἀυτμή
1423 1159 1433 1208 .·

321 1247 439 1311 horum
465 1243 563 1325 igitur
584 1241 740 1308 elementa
762 1240 970 1307 subtilissima
992 1260 1063 1306 esse
1087 1240 1232 1321 dicebat,
1253 1249 1284 1307 et
1305 1245 1432 1310 omnino
1457 1310 1460 1315 ,

320 1347 364 1414 τὰ
388 1342 519 1413 albeta
533 1348 606 1424 ταῖς
621 1338 820 1431 λεπτότησιν
835 1338 1100 1430 ἀνυπερβλήτοις
1115 1346 1319 1432 κεχρῆσθαι,
1336 1351 1371 1409 ut
1385 1353 1434 1413 est

321 1449 413 1536 apud
436 1447 598 1512 Laertium
611 1452 716 1526 xor.
737 1446 862 1512 videtur
883 1452 990 1510 tamen
1017 1445 1067 1511 his
1089 1445 1244 1514 adiecisse
1271 1473 1335 1514 eoae
1360 1452 1433 1515 item

321 1555 451 1619 maiora
473 1549 661 1628 simulacra,
678 1548 799 1614 scilicet
819 1547 960 1614 emultis
981 1553 1077 1631 atque
1098 1548 1272 1615 innumeris
1293 1551 1377 1616 inter
1398 1571 1433 1617 se

322 1652 505 1719 coniunctis
525 1650 656 1734 effecta,
671 1656 706 1715 ut
720 1649 879 1733 fulgorem
900 1649 984 1732 ignis
999 1650 1150 1729 aetherii,
1167 1670 1230 1732 quo
1250 1652 1333 1718 inter
1352 1654 1434 1719 toni-

322 1762 432 1820 truum
455 1753 577 1819 sonitus
600 1752 706 1817 omnia
728 1757 921 1834 occupentur
948 1758 979 1817 et
1002 1752 1240 1832 contineantur,
1264 1777 1327 1826 our
1348 1778 1433 1820 run-

323 1879 416 1921 urna
432 1876 552 1919 craso
568 1853 690 1921 Omnia
713 1876 783 1928 rna
803 1875 1112 1934 sonrrusnncnr,
1128 1877 1294 1943 ananau,
1310 1880 1433 1938 mann,

325 1979 497 2024 cunnum.
517 1962 711 2040 postremum
734 1961 803 2020 erat
822 1955 904 2037 boo,
925 1976 997 2022 cum
1018 1962 1106 2021 tanta
1133 1957 1173 2021 sit
1194 1958 1432 2025 simulacrorum

325 2060 507 2139 subtilitas,
526 2057 595 2123 fieri
615 2078 681 2124 non
703 2078 799 2141 posse
821 2065 856 2124 ut
879 2058 1005 2143 singula
1026 2059 1175 2125 sensibus
1196 2062 1313 2126 nostrIs
1333 2062 1434 2146 perci-

324 2164 475 2249 piantur,
490 2159 606 2243 quippe
621 2185 714 2226 cassa
728 2185 841 2244 aenou,
857 2162 944 2244 quod
965 2167 1013 2227 est
1033 2161 1066 2225 in
1080 2182 1175 2228 versu
1193 2168 1252 2233 128
1265 2217 1272 2232 .
1287 2164 1368 2230 haec
1388 2166 1434 2230 ita

325 2264 395 2331 fere
419 2284 439 2327 a
459 2266 556 2346 poeta
577 2261 722 2345 exposita
741 2260 841 2328 fuisse
864 2264 958 2329 certis
979 2263 1106 2329 indiciis
1132 2265 1200 2330 sine
1222 2267 1289 2331 ulla
1310 2266 1435 2332 dubita·

325 2367 415 2432 tione
431 2383 662 2446 cognoscamus
683 2363 776 2429 licet.
792 2364 896 2448 prima
917 2365 1011 2430 huius
1033 2366 1105 2430 libri
1126 2368 1246 2451 pagina
1267 2371 1300 2434 in
1323 2370 1435 2436 codice

325 2488 365 2535 co
389 2487 432 2532 ex
453 2486 516 2550 quo
539 2465 638 2531 nostri
660 2464 809 2548 descripti
831 2472 904 2532 sunt
924 2467 1062 2533 indicem
1083 2470 1292 2553 capitulorum
1314 2473 1435 2551 tenuit,

326 2589 425 2656 quern
452 2566 554 2634 codex
585 2567 743 2648 oblongus
770 2566 803 2631 in
829 2588 940 2634 versus
962 2591 1039 2633 xxvr
1068 2571 1256 2654 dispositum
1287 2573 1435 2640 exhibet:

325 2691 404 2737 nam
425 2671 505 2738 haec
526 2687 609 2751 quae
624 2667 824 2735 subiecturus
846 2690 915 2735 sum
931 2671 1058 2752 singula
1073 2672 1192 2754 singuli
1206 2694 1320 2740 versus
1342 2682 1434 2758 sunt,

517 2813 530 2858 7
550 2809 590 2858 De
608 2808 741 2859 celeritate
758 2815 831 2859 tactu
849 2810 935 2859 videri

501 2898 530 2946 11
551 2896 591 2946 De
609 2895 695 2946 turbis
711 2895 743 2946 de
760 2897 855 2947 umbra
872 2897 989 2947 hominis

501 2986 532 3033 15
551 2980 593 3034 De
612 2981 709 3032 auditis
729 2998 878 3049 corpoream
897 3000 955 3034 esse
973 2999 1064 3036 vocem

500 3073 533 3119 24
552 3069 592 3118 De
610 3067 769 3119 ambulando
840 3070 881 3118 De
901 3087 1009 3121 somno.

325 3190 361 3253 in
388 3204 504 3254 aversa
529 3185 650 3270 pagina
676 3185 735 3250 fuit
763 3185 899 3269 primum
925 3188 1055 3270 titulus,
1075 3192 1150 3259 Sibi
1173 3196 1435 3269 ιὀοοιιᾱιὶοιίνοονο

327 3315 415 3372 aare,
431 3293 655 3369 cetera,-quae
678 3287 770 3369 quasi
792 3287 927 3372 primum
949 3291 1044 3357 huius
1065 3293 1137 3358 libri
1160 3314 1286 3364 versum
1309 3303 1438 3371 exhibet

327 3391 510 3470 oblongus,
527 3389 701 3471 quadratus
723 3388 820 3453 minio
841 3393 958 3476 scripta
972 3395 1151 3461 uncialibus
1172 3398 1305 3484 litteris;
1321 3403 1436 3472 deinde

327 3510 443 3560 versus
457 3512 522 3554 xxv
544 3490 657 3575 primi.
674 3491 707 3554 in
729 3489 847 3555 scheda
870 3494 1011 3560 secunda
1031 3517 1143 3563 versus
1165 3523 1228 3585 un,
1244 3522 1265 3567 a
1279 3508 1320 3575 26
1335 3528 1437 3590 usque

329 3594 372 3660 ad
389 3599 451 3671 76,
468 3612 539 3658 cum
560 3592 651 3658 titulo
675 3598 749 3658 ante
764 3597 806 3661 29
821 3641 828 3656 .
844 3594 877 3658 in
899 3595 1005 3678 priore
1026 3599 1164 3665 schedae
1185 3605 1297 3671 tertiae
1317 3609 1437 3690 pagina

327 3715 443 3762 versus
463 3699 576 3779 poetae
590 3716 665 3774 xxv,
680 3699 847 3775 77-101,
867 3696 977 3763 titulus
1000 3705 1074 3764 ante
1089 3707 1151 3782 983
1170 3703 1204 3766 in
1226 3724 1340 3771 aversa
1361 3708 1435 3773 item

327 3819 397 3862 xxv
418 3816 489 3862 cum
510 3795 621 3880 titulo,
641 3799 828 3867 rot—126.
844 3799 948 3882 potuit
967 3799 1064 3880 igitur
1082 3801 1153 3884 hic,
1169 3806 1223 3870 ubi
1242 3826 1357 3873 sensus
1379 3809 1437 3872 im-

327 3898 489 3984 perfectus
510 3901 578 3976 est,
594 3897 716 3981 aliquid
730 3898 884 3982 periisse;
900 3920 965 3963 non
986 3900 1080 3967 nimis
1102 3905 1201 3969 multa
1220 3912 1346 3988 tamen,
1362 3911 1437 3991 quia

327 4005 426 4086 podta
447 4017 482 4064 se
497 4017 564 4063 rem
576 4001 691 4086 paucis
705 3998 820 4065 docere
835 4000 911 4065 dicit
928 4006 1009 4082 1153
1026 4023 1102 4086 ergo
1118 4026 1183 4071 non
1197 4013 1262 4073 tres
1277 4009 1435 4098 paginae,

328 4101 389 4168 sed
409 4119 495 4165 una:
510 4119 584 4164 nam
607 4100 688 4165 duas
710 4099 824 4166 deesse
847 4122 912 4166 non
934 4122 1029 4187 posse
1052 4106 1206 4172 concedet
1227 4110 1282 4191 qui
1305 4129 1345 4176 ea
1366 4134 1438 4198 per·

330 4201 452 4287 ceperit
478 4220 562 4284 quae
592 4201 697 4266 dicam
723 4200 766 4265 ad
792 4222 920 4267 versum
938 4209 1018 4273 144.
1035 4226 1139 4290 neque
1164 4229 1204 4274 ea
1225 4212 1345 4294 pagina
1359 4238 1438 4280 xxvr

329 4302 524 4369 carminibus
545 4302 703 4382 constitit,
720 4302 779 4369 sed
800 4302 859 4368 suit
879 4304 914 4368 in
936 4324 975 4370 ea
996 4316 1123 4392 praeter
1145 4312 1286 4377 carmina
1307 4317 1437 4400 titulus,

329 4422 428 4488 quem
448 4403 571 4469 indices
593 4404 673 4470 libro
693 4405 866 4488 praepositi
881 4405 1050 4489 exhibent,
1067 4430 1138 4476 cum
1159 4412 1244 4479 intus
1265 4416 1348 4483 inter
1370 4440 1437 4485 ver-

328 4524 385 4572 sus
398 4523 466 4570 non
480 4512 682 4589 compareat,
698 4508 778 4572 Esse
792 4509 864 4572 item
879 4513 1022 4576 maiora.
1039 4530 1096 4576 eos
1112 4519 1216 4578 antem
1232 4536 1342 4584 versus
1357 4541 1437 4604 quos

327 4605 402 4672 huic
423 4605 563 4691 paginae
585 4627 682 4692 supra
704 4607 853 4689 attribui,
872 4611 997 4676 Probus
1023 4617 1055 4676 et
1077 4613 1208 4686 Servius
1229 4620 1437 4688 rettulerunt.

327 4707 426 4774 Probi
451 4706 552 4773 verba
573 4714 647 4774 sunt
667 4708 748 4776 haec
774 4709 806 4774 in
829 4714 1055 4779 commentario
1081 4715 1125 4781 ad
1145 4717 1290 4801 eclogam
1305 4742 1339 4784 vr
1359 4723 1438 4789 Ver·
