3509 5442
321 565 385 632 324
863 558 893 622 V

320 731 473 798 Davisius
504 729 689 812 intellegere
721 733 872 813 poterat,
896 727 924 791 si
957 725 1143 792 Ciceronem
1175 745 1274 792 versu
1306 725 1426 808 bagieo

321 853 413 898 usum
435 850 508 898 esse
531 829 805 897 animadvertisset
817 877 824 892 .
836 829 973 916 Spartae
994 855 1066 896 aero
1085 833 1184 915 paeri
1202 829 1250 894 ad
1269 854 1364 894 aram
1384 832 1426 894 sie

320 936 499 1000 verberibus
520 936 739 1020 acceptantur,
762 933 802 997 Ut
822 932 940 998 mossur
955 958 970 998 e
985 933 1156 998 visceribus
1177 934 1316 1018 sanquis
1330 947 1424 998 cacat.

409 1040 480 1104 995.
505 1058 622 1099 surus
653 1054 809 1098 v1cnnsr
843 1054 982 1098 aaran.
1004 1033 1169 1099 Oorrector
1200 1031 1337 1115 oblongi
1369 1038 1424 1099 ois-

322 1159 574 1204 sermunculos
595 1136 667 1201 Itali
690 1142 722 1200 et
743 1135 910 1217 impressi.

406 1246 478 1309 996.
501 1261 684 1303 ucc1suur
723 1259 913 1302 vocraus.
948 1239 1114 1304 Correetor
1152 1236 1285 1318 oblongi
1323 1259 1426 1301 socr·

322 1363 436 1406 usur.

408 1448 481 1513 997.
503 1444 675 1513 Dsuroun
697 1464 764 1505 nos
787 1463 873 1504 vrrs
888 1463 1098 1505 rmvsraur
1114 1464 1283 1506 vnuurus
1298 1463 1424 1506 sarrs

321 1546 475 1612 Marullus
507 1548 614 1611 Donec
639 1547 813 1631 privarant
825 1594 833 1626 ,
850 1543 1024 1609 Lambinus
1056 1546 1213 1610 Dorticum
1236 1547 1424 1630 preberent.

321 1647 480 1713 debebant
502 1647 641 1712 scribere
662 1647 859 1716 Dourcun.
875 1648 1033 1711 Dorticum
1047 1649 1224 1731 privarunt
1242 1645 1335 1710 nullo
1357 1664 1426 1711 auo-

319 1756 390 1815 tore
413 1749 603 1814 Creechius.

343 1891 347 1895 -
409 1855 500 1919 1001.
523 1850 707 1920 Aaouons
734 1871 918 1913 musanus
949 1870 1061 1913 usum
1087 1868 1135 1911 nn
1169 1871 1265 1915 saxu
1298 1872 1425 1915 vrncs-

322 1976 414 2025 onn.
437 1952 602 2017 Correetor
634 1950 765 2033 oblongi
799 1952 959 2017 testebant.
981 1951 1042 2016 hoc
1076 1951 1176 2016 secuti
1209 1958 1284 2018 sunt
1317 1959 1426 2038 postea

320 2056 391 2120 Itali
414 2061 446 2121 et
467 2058 612 2119 auctores
634 2051 808 2118 editionum
831 2073 961 2119 omnes:
977 2073 1060 2119 unus
1081 2054 1121 2118 N.
1145 2054 1298 2121 Heinsius
1318 2055 1355 2119 in
1375 2055 1425 2120 ad-

321 2157 470 2222 versariis
493 2177 522 2239 p.
542 2161 601 2224 118
633 2154 749 2237 ‘scripti
779 2154 907 2221 codices
936 2156 1082 2221 lidebant
1092 2181 1104 2239 ,-
1119 2155 1169 2220 eui
1191 2155 1286 2222 fidem
1309 2157 1424 2223 habere

321 2257 537 2324 Wakefieldus
559 2256 680 2335 noluit,
692 2256 813 2322 scilicet
835 2258 909 2340 quia
924 2258 1137 2342 Havercampi
1152 2263 1263 2343 stupor
1284 2258 1321 2323 id
1335 2277 1425 2344 prae-

321 2361 517 2425 termiserat.
534 2358 599 2422 iam
621 2358 709 2422 tardi
727 2377 827 2424 naves
849 2359 973 2441 virique
996 2359 1041 2423 od
1059 2385 1143 2425 sacca
1163 2360 1296 2425 ridicule
1320 2360 1426 2426 dicun·

320 2469 390 2539 tur;
405 2461 467 2525 nisi
489 2459 576 2542 quod
597 2458 740 2543 plerique
756 2461 887 2526 Horatio
909 2461 995 2528 idem
1016 2463 1159 2529 ioculare
1182 2461 1312 2528 dicendi
1326 2482 1426 2544 genus

320 2561 504 2628 adscribunt
515 2613 523 2640 ‚
533 2563 705 2648 pendulam
717 2587 795 2628 zona
807 2565 920 2629 collum
933 2566 1056 2630 laedere
1067 2616 1075 2649 ,
1088 2565 1425 2645 carminumm‚2l,60.

321 2664 419 2730 tidere
441 2671 545 2729 autem
562 2664 631 2729 sine
646 2665 881 2747 praepositione
894 2666 1041 2730 Latinum
1056 2668 1247 2732 vocabulum
1269 2686 1346 2733 esse
1364 2685 1426 2732 non

319 2765 413 2831 facile
444 2767 550 2832 doceri
580 2766 715 2850 poterit:
731 2788 804 2832 nam
838 2768 1022 2833 onomastici
1050 2769 1295 2851 Latinograeci‚
1319 2786 1338 2833 e
1364 2788 1426 2851 quo

318 2868 488 2933 Labbacus
502 2868 598 2933 habet
611 2889 642 2951 p.
658 2873 716 2936 107
739 2869 803 2934 uuo
818 2864 948 2954 κρούω,
964 2876 1052 2935 tanta
1074 2869 1246 2935 auctoritas
1267 2889 1343 2936 esse
1363 2891 1427 2935 non

319 2967 417 3033 debet
443 2974 477 3033 ut
506 2990 545 3035 ex
576 2990 615 3036 eo
646 2969 850 3052 scriptoribus
874 2972 1001 3054 optimis
1030 2979 1062 3038 et
1082 2970 1313 3052 antiquissimis
1334 2991 1431 3038 vocae

320 3069 394 3135 bula
414 3069 557 3136 inaudita
577 3072 796 3154 adtingamus.
814 3091 909 3153 quam
933 3074 973 3138 ob
995 3093 1063 3138 rem
1084 3092 1189 3156 neque
1209 3070 1334 3139 Otfrido
1349 3073 1427 3138 Mul-

319 3172 387 3237 lero
409 3173 567 3239 assentior
587 3175 621 3238 in
642 3172 730 3238 Atilii
751 3192 865 3252 versu,
883 3175 937 3256 qui
966 3181 1052 3239 extat
1078 3174 1165 3258 apud
1186 3175 1365 3240 Varronem
1387 3175 1427 3240 de

318 3275 429 3359 lingua
439 3276 555 3341 Latina
565 3295 649 3358 vup.
663 3279 739 3351 367.‚
751 3275 852 3339 tuenti
865 3277 965 3363 Cape,
979 3278 1073 3342 coede
1081 3327 1090 3359 ,
1103 3278 1186 3358 tide,
1199 3301 1282 3342 consa
1290 3326 1299 3358 ‚
1313 3276 1427 3359 ccad03

318 3376 374 3441 ubi
402 3378 519 3443 rectius
547 3377 603 3442 alii
624 3376 714 3462 Lyde
724 3401 736 3458 ;
750 3393 854 3457 neque
880 3377 1076 3460 Scaligcrum
1105 3375 1301 3443 audiendum
1328 3383 1426 3462 puto,

319 3478 374 3560 qui
394 3478 530 3543 in-Diris
547 3483 627 3555 169,
643 3478 698 3542 ubi
720 3483 788 3542 erat
803 3478 930 3561 tudere,
946 3479 1047 3545 voluit
1061 3479 1157 3546 scribi
1173 3478 1271 3545 lictore
1282 3505 1295 3563 ,-
1308 3480 1344 3544 iu
1358 3479 1427 3561 qui·

318 3580 379 3645 bus
406 3580 552 3646 versibus
578 3576 657 3645 nihil
684 3578 849 3662 probabile
876 3581 980 3646 effecit
1001 3582 1125 3647 Nttlrius
1138 3603 1146 3660 ;
1161 3580 1238 3645 mibi
1260 3580 1427 3664 aptissima

316 3681 462 3747 videntur
483 3682 581 3760 haec,
598 3683 640 3746 Et
662 3704 748 3745 mare
770 3705 839 3745 cam
862 3681 949 3766 (libri
963 3683 1096 3769 mecam)
1120 3696 1223 3748 tenero
1243 3686 1362 3768 pavebo
1383 3696 1426 3748 est

317 3784 442 3852 loedere
464 3788 498 3851 ia
520 3786 615 3849 barba
630 3783 814 3867 Purpureos
819 3784 940 3867 flores,
954 3809 1031 3870 quos
1054 3787 1184 3870 insuper
1205 3786 1424 3866 accumbebat,

316 3885 478 3950 Bracchia
496 3886 643 3972 formoso
669 3884 843 3968 subponens
870 3887 991 3971 Cypria
1017 3886 1115 3951 cotto.
1131 3885 1239 3966 itaque
1266 3884 1304 3950 in
1330 3905 1424 3952 versu

316 3990 426 4049 nostro
454 3985 532 4049 mihi
557 3986 611 4050 vix
638 3980 846 4048 dubitandum
874 3985 1001 4050 videtur
1028 3985 1104 4067 quin
1131 3985 1301 4052 Lucretius
1329 3988 1423 4071 scrip

316 4085 393 4148 serit
406 4107 611 4150 rnrororur
625 4087 720 4173 stipi
730 4084 850 4149 Attium
865 4086 984 4159 dixisse
1000 4091 1124 4151 constat
1135 4088 1244 4172 :flictu
1265 4095 1319 4154 est
1340 4088 1423 4174 apud

314 4185 491 4269 Vergilium
514 4194 546 4251 et
567 4186 648 4250 alios
660 4187 785 4273 ,flictus
807 4191 936 4253 navalem
957 4187 1017 4251 fuit
1036 4187 1070 4253 in
1091 4189 1216 4253 Teucro
1237 4189 1382 4254 Pacuvii.

402 4292 494 4356 1002.
516 4289 596 4353 Nnc
624 4308 767 4350 nnuman
796 4311 833 4351 ru
861 4310 1004 4353 cussum
1025 4310 1189 4353 rausrrn
1210 4312 1316 4354 usna
1339 4331 1422 4343 -

316 4386 509 4453 Sauvrnar
530 4409 767 4459 unmrnnoun
788 4411 899 4454 struas
926 4413 1088 4455 cornuis
1114 4413 1259 4455 rusurs.
1276 4390 1421 4468 Quadra·

314 4492 364 4553 tus
391 4492 426 4554 tn
455 4494 569 4556 abab.
585 4490 778 4555 Snnvraar
803 4491 876 4556 Itali
901 4499 934 4558 ct
960 4492 1135 4558 Brixiensis
1165 4492 1289 4571 editor,
1310 4513 1420 4557 rous·

312 4610 381 4652 our
404 4590 579 4656 Marullus.
594 4593 661 4656 Neo
687 4592 875 4658 sententiam
901 4594 1074 4678 pervertit:
1095 4593 1293 4673 Lambinus,
1317 4614 1420 4677 quam·

312 4690 360 4755 uis
396 4689 469 4757 aliis
501 4690 685 4773 adscribat,
707 4693 827 4777 primus
863 4693 941 4762 fecit
970 4695 1044 4763 sed.
1076 4695 1278 4779 aptissimum
1312 4703 1346 4766 et
1378 4697 1419 4762 lc
