3509 5442
324 577 389 642 426
856 573 901 638 Vl

413 747 502 812 1279.
526 743 607 820 Quo
631 764 714 806 rrus
737 765 798 805 ure
821 764 1008 836 soranus.
1025 744 1092 823 Quo
1108 741 1305 827 quadratus,
1322 745 1424 810 oblon-

325 865 386 927 gus
409 848 502 910 Ηαα.
527 864 598 908 cum
622 843 761 924 oblongo
790 843 910 908 faciunt
931 843 1007 906 olim
1028 843 1195 926 impressi:
1218 844 1295 910 inde
1317 845 1423 911 factrm

197 1012 202 1020 ,
325 946 411 1029 apud
434 945 604 1011 Antonium
627 945 718 1008 Marii
747 947 805 1027 Ut,
828 944 1050 1010 emendatione
1071 967 1192 1030 prava.
1216 947 1341 1013 scilicet
1363 968 1423 1013 cum

324 1053 416 1112 vetus
444 1048 545 1112 codex
573 1047 624 1111 hic
652 1045 798 1111 sordibus
826 1046 983 1111 obductus
1004 1054 1107 1126 esset,
1129 1048 1266 1132 primum
1289 1050 1425 1133 legerunt

310 1172 409 1233 απ,
440 1155 571 1232 postea,
603 1168 674 1212 cum
703 1149 846 1232 singulos
876 1148 984 1231 apices
1013 1149 1192 1214 accuratim
1222 1146 1424 1228 tractassent,

323 1250 472 1317 viderunt
488 1268 559 1315 esse
575 1272 660 1321 Quo.
683 1255 747 1314 tum
772 1250 857 1332 quod
880 1248 1039 1331 oblongus
1061 1250 1158 1315 habet
1176 1255 1274 1336 pias,
1297 1251 1426 1335 quadra-

325 1360 376 1418 tus
397 1358 502 1417 autem
520 1356 616 1438 prius
633 1352 723 1438 (olim
745 1351 892 1435 impressi
907 1355 1005 1438 pars,
1022 1352 1178 1417 Antonius
1193 1353 1288 1416 Marii
1305 1354 1423 1440 pass),
1467 1380 1468 1385 ¹

325 1453 460 1520 dubitari
489 1473 552 1516 non
580 1459 685 1535 potest
713 1454 789 1535 quin
815 1477 837 1516 a
863 1458 919 1516 aut
948 1473 1045 1536 supra
1073 1455 1227 1537 scriptum
1257 1452 1354 1519 fuerit
1379 1461 1425 1518 aut

325 1558 546 1621 subnotatum.
564 1554 701 1619 Lucretii
723 1554 885 1636 ingenium
907 1575 1020 1638 parum
1039 1562 1258 1638 cognoverunt
1273 1557 1329 1637 qui
1344 1576 1425 1639 prae·

325 1663 436 1742 optant
454 1660 567 1744 praba

416 1765 506 1830 1280.
530 1781 786 1822 rnnrrnrunr.
815 1757 868 1822 Sic
896 1757 1090 1843 quadratae,
1114 1758 1277 1842 oblongus
1306 1767 1339 1825 et
1363 1781 1424 1826 cum

324 1864 413 1929 Italis
433 1862 506 1927 olim
521 1861 666 1946 impressi
681 1860 870 1947 repedabat.
887 1860 928 1925 de
942 1860 992 1925 his
1007 1860 1215 1944 repetendum
1232 1861 1331 1926 estid
1349 1861 1425 1945 quod

325 1964 421 2029 modo
444 1963 484 2028 de
507 1966 573 2044 Quo
596 1969 627 2027 et
652 1965 725 2027 Huc
747 1961 832 2026 dixi.

415 2071 506 2135 1280.
530 2088 572 2129 ar
595 2088 687 2129 unus
706 2063 874 2141 Qmsoua
899 2087 995 2129 suuu
1018 2088 1087 2130 rao
1108 2089 1153 2130 aa
1175 2089 1345 2132 mansius
1367 2091 1426 2132 ac·

325 2191 466 2233 unsar.
490 2168 550 2234 Hic
573 2167 788 2233 membranam
816 2165 849 2230 in
872 2166 979 2232 medio
1001 2188 1095 2233 versu
1116 2167 1312 2252 perforatam
1335 2170 1426 2235 fuisse

325 2277 477 2354 apparet.
501 2270 655 2334 Marullus
684 2265 808 2332 addidit
835 2283 1004 2334 consortem
1027 2267 1199 2355 (Antonius
1221 2269 1316 2335 Marii
1343 2297 1427 2336 suam

324 2386 493 2437 scissorium
518 2396 579 2457 pro
608 2370 678 2457 re),
709 2370 862 2434 Avantius
892 2385 1075 2457 coponium,
1105 2378 1275 2454 utrumque
1303 2372 1426 2457 inepte.

325 2471 401 2555 quid
424 2471 590 2537 Lucretius
617 2471 741 2537 dederit
768 2471 831 2536 dici
856 2492 921 2537 non
943 2477 1067 2555 potest:
1090 2472 1133 2538 ad
1154 2493 1221 2537 rem
1244 2472 1325 2539 facit
1347 2497 1428 2540 cou-

326 2595 491 2637 rosruu.

414 2680 504 2745 1282.
534 2676 742 2748 Mauricus
776 2699 981 2740 scamaras
1014 2699 1230 2742 caurensis
1262 2701 1428 2744 scamni

325 2799 475 2842 sunsrr.
506 2776 687 2856 Quadratus
714 2781 817 2843 subita
833 2781 897 2864 fit,
926 2779 1085 2862 oblongus
1111 2782 1214 2846 subita
1243 2796 1289 2846 et.
1320 2781 1429 2847 horum

324 2877 523 2943 librariorum
551 2887 662 2944 neuter
689 2878 723 2943 id
750 2879 836 2963 quod
865 2880 1012 2965 scriptum
1040 2887 1108 2946 erat
1130 2888 1217 2946 recte
1239 2882 1368 2949 videtur
1388 2886 1429 2949 le-

324 2980 431 3064 gisse:
453 2987 620 3064 praeterea
647 2981 766 3046 hiatum
796 2982 1000 3048 membranae
1025 2981 1170 3049 indicare
1198 2982 1428 3066 neglexerunt.
1467 3016 1468 3022 κ

323 3089 449 3167 potitam
477 3081 643 3166 scripsisse
666 3090 741 3165 puto
764 3085 930 3170 Multaque
956 3105 1022 3147 aas
1046 3106 1201 3149 suerrus
1224 3108 1267 3149 ar
1288 3112 1429 3174 puaper-

324 3201 372 3251 tes
393 3186 525 3250 torrida
547 3189 667 3250 suasit.
682 3185 837 3250 Marullus
853 3205 924 3249 cum
939 3184 1028 3251 Italis
1046 3185 1115 3251 sine
1138 3205 1236 3252 sensu
1258 3191 1308 3252 vrb
1330 3191 1430 3254 sabito

323 3301 370 3370 et,
393 3306 453 3351 nec
480 3286 578 3351 multo
607 3286 718 3352 melius
739 3286 955 3353 Wakefieldus
982 3291 1018 3353 vi
1040 3291 1144 3353 subita
1171 3289 1223 3354 vel
1251 3315 1286 3354 re
1309 3293 1428 3356 sabaa.

323 3408 407 3453 nunc
429 3407 469 3453 ex
488 3388 598 3454 Orellii
621 3389 742 3470 eclogis
764 3390 852 3456 disco
875 3389 1086 3474 Pomponium
1107 3391 1242 3455 Laetum
1265 3392 1429 3477 scripsisse

322 3516 373 3556 res
396 3492 499 3555 sabito
522 3503 570 3556 ct.

412 3597 502 3661 1285.
533 3591 836 3664 Suauuasnreue
865 3616 1026 3660 raucas.
1054 3597 1104 3661 Ex
1132 3595 1273 3677 oblongo
1305 3617 1428 3663 erasum

322 3721 401 3782 que.
424 3693 580 3759 Antonius
602 3695 692 3760 Marii
715 3700 747 3761 et
768 3695 946 3761 Brixiensis
969 3695 1065 3761 editio
1088 3719 1223 3761 incus.

409 3818 478 3860 cnr.
490 3820 512 3882 1,
527 3803 554 3864 1.
578 3819 647 3861 can
670 3819 900 3861 urrranrou.
923 3797 1050 3864 Rectius
1072 3799 1223 3884 scriptum
1245 3798 1428 3883 infra11,22

323 3899 455 3964 Graecis
482 3901 614 3966 litteris.
638 3906 686 3964 est
712 3899 794 3965 inter
820 3895 935 3986 κυρίας
964 3897 1066 3979 δόξας
1088 3902 1218 3985 Epicuri
1246 3902 1372 3986 prima,
1392 3899 1427 3968 τὰ

320 3996 486 4088 μακάριον
508 4002 564 4068 καὶ
581 3994 760 4090 ἄφθαρτον
777 3995 853 4068 oilae
871 3998 957 4068 αὐτὰ
968 3999 1146 4089 πράγματα
1163 4000 1231 4086 ἔχει
1247 3997 1326 4070 olias
1342 3997 1429 4091 disp

321 4104 478 4191 παρέχει,
492 4101 577 4172 ὥστε
594 4099 669 4173 ollae
686 4101 800 4193 ὀργαῖς
816 4100 893 4172 oliae
906 4102 1021 4190 χάρισι
1037 4109 1207 4188 συνέχεται
1219 4129 1227 4143 ·
1241 4106 1276 4174 ἐν
1293 4102 1430 4175 ἀσθενεῖ

322 4205 383 4294 γὰρ
412 4209 481 4273 πᾶν
507 4209 546 4274 τὸ
573 4212 749 4275 τοιοῦτον.
773 4216 848 4273 nota
876 4207 958 4274 haec
985 4216 1075 4275 erant
1101 4210 1234 4289 Servi0,
1264 4211 1322 4293 qui
1351 4229 1429 4294 quae

321 4310 447 4392 scripsit
468 4309 511 4374 ad
526 4310 688 4376 Aeneidos
704 4334 746 4392 vr,
762 4317 843 4395 134,
867 4330 907 4375 ea
928 4312 1063 4395 repetita
1084 4309 1213 4377 suntin
1235 4311 1370 4379 scholiis
1391 4311 1429 4377 ad

321 4412 413 4478 Statii
434 4411 634 4478 Achilleidos
656 4436 702 4492 111,
715 4419 777 4482 84.
1097 4442 1103 4452 ·

407 4522 436 4583 9.
459 4538 505 4578 uu
528 4537 668 4579 venre.
693 4516 803 4592 Haec,
828 4535 911 4598 quae
933 4515 1051 4580 habent
1073 4513 1234 4596 oblongus
1256 4520 1288 4581 et
1311 4516 1428 4594 Italici,

319 4619 353 4682 in
379 4617 508 4683 schedis
536 4637 607 4684 esse
628 4615 875 4682 Henriohsenius
902 4639 967 4682 non
993 4616 1176 4683 annotavit.
1200 4615 1299 4682 habet
1328 4625 1430 4684 tamen

319 4719 561 4786 interstitionem
584 4718 757 4803 quadratus
781 4738 929 4802 quoque.
