3509 5442
787 564 832 628 111
1305 567 1364 631 191

256 737 407 823 cxperpi,
424 741 457 800 et
467 733 675 821 domefmtrrm
687 735 828 799 tellurem
840 734 926 816 apud
939 733 1121 798 Petronium
1133 737 1175 800 99
1191 733 1350 798 adomari
1358 783 1365 818 ,

256 843 291 899 ut
299 837 568 922 perterrefacere
585 857 605 899 a
620 839 751 919 terreri,
769 836 1022 923 condocefacere
1037 856 1057 898 a
1072 835 1196 915 doceri,
1213 860 1367 900 commone

246 938 398 1023 faceres
408 941 532 1003 morteri
539 988 548 1020 ,
560 937 758 1022 allc‘ccfactus
770 937 810 1001 ab
823 937 1023 1003 ollc'cerisive
1035 938 1137 1013 attici,
1149 934 1182 999 id
1198 942 1246 1001 est
1261 957 1280 1001 a
1294 957 1367 1020 pas-

256 1037 356 1121 sivis,
377 1058 443 1102 non
464 1058 485 1101 a
510 1038 650 1103 neutris.
671 1037 729 1102 sed
751 1039 833 1103 volte
846 1040 922 1123 feci
939 1037 1092 1103 Varronis
1122 1038 1207 1120 apud
1229 1039 1367 1102 Nonium

257 1159 286 1221 p.
301 1143 377 1220 217,
390 1143 433 1205 24
447 1139 551 1221 magis
572 1138 719 1205 convenit
739 1158 810 1202 cum
826 1140 967 1205 vallasset
977 1191 985 1222 ,
995 1141 1131 1226 perierit
1153 1140 1240 1224 (nam
1254 1141 1368 1205 vitiose

256 1238 347 1323 apud
368 1239 503 1304 Paulum
525 1240 693 1305 diaconum
707 1261 738 1323 p.
755 1245 812 1308 161
836 1240 988 1324 scriptum
1012 1246 1061 1305 est
1081 1242 1255 1325 vallerari),
1273 1262 1368 1323 quam

257 1361 330 1405 cum
347 1342 507 1424 waltero,
525 1343 611 1423 quod
626 1342 750 1407 Nonius
771 1343 891 1416 rettulit
904 1364 935 1426 p.
951 1347 1020 1420 102,
1036 1348 1050 1408 l
1067 1367 1073 1405 :
1091 1347 1123 1406 et
1137 1341 1264 1407 diversa
1278 1363 1369 1408 secu·

256 1448 308 1507 tus
332 1447 382 1506 est
396 1443 518 1521 Varro,
534 1462 605 1507 cum
627 1443 707 1507 dixit
712 1444 808 1529 feroc
820 1446 928 1528 facito
951 1452 1106 1510 ettamen
1128 1444 1161 1506 in
1183 1462 1278 1510 versu
1292 1447 1369 1511 Fer·

258 1571 329 1610 cere
349 1549 471 1631 piratis
484 1548 667 1630 vastarique
688 1548 794 1610 omnio
808 1549 945 1610 circam.
962 1566 1056 1630 porro
1080 1544 1121 1608 ad
1145 1545 1368 1628 explicandum

258 1672 334 1712 uoce
346 1648 393 1733 fit
415 1645 500 1729 quod
515 1646 695 1726 Wagnerus
715 1646 749 1711 in
771 1653 856 1710 tomo
872 1670 892 1708 v
908 1647 1042 1729 Vergilii
1056 1668 1087 1730 p.
1100 1670 1165 1709 xxv
1188 1666 1228 1711 ex
1243 1647 1369 1712 Vatica-

259 1749 308 1813 nis
333 1747 462 1814 schedis
482 1753 643 1828 tamquam
670 1748 833 1829 antiquum
856 1757 982 1828 enatat,
1009 1753 1104 1815 [docte
1131 1775 1240 1814 vacere
1263 1750 1369 1815 domoc

259 1870 316 1932 pro
338 1875 454 1914 vocare
465 1899 473 1932 ,
489 1849 565 1913 mihi
586 1849 649 1913 fide
671 1869 735 1912 non
751 1850 881 1932 dignius
895 1851 1020 1916 videtur
1041 1871 1136 1933 quam
1158 1876 1229 1916 carr
1243 1876 1368 1916 evacue-

259 1956 321 2030 rit,
340 1951 428 2034 quod
447 1971 505 2035 pro
522 1955 719 2016 evacuaverit
733 1954 883 2036 seriptum
904 1953 969 2034 legi
993 1953 1027 2017 in
1042 1953 1179 2036 epistula
1200 1952 1305 2034 priore
1327 1953 1369 2016 ad
1386 2022 1389 2033 ,

261 2054 444 2120 Corinthios
463 2076 515 2138 xv,
533 2057 575 2120 24
595 2101 601 2115 .
625 2052 683 2118 sed
711 2054 860 2136 quoniam
888 2056 965 2120 mihi
993 2055 1036 2120 ad
1061 2055 1120 2120 has
1146 2055 1369 2136 grammaticas

261 2157 467 2240 quaestiones
496 2156 725 2219 sucurrendum
752 2155 830 2234 fuit,
850 2178 915 2221 non
941 2157 1053 2223 inutile
1078 2158 1160 2221 duco
1188 2156 1228 2222 de
1257 2157 1369 2221 horum

260 2260 432 2325 verborum
449 2261 583 2322 accentu
596 2255 758 2341 indicare,
775 2279 839 2322 non
854 2280 949 2343 posse
971 2278 1010 2324 ea
1025 2259 1128 2340 magis
1147 2259 1283 2324 barbare
1297 2279 1370 2342 pro-

260 2360 336 2426 ferri
359 2380 454 2441 quam
478 2357 577 2439 siquis
598 2361 704 2444 cotesto
724 2359 808 2425 dicat
829 2369 885 2426 aut
899 2365 1005 2449 calisto
1027 2368 1082 2427 aut
1096 2363 1248 2448 carpas
1259 2412 1267 2444 ,
1284 2361 1370 2443 quod

261 2463 361 2529 nostri
384 2461 529 2527 homines
556 2461 699 2542 regulam
729 2463 807 2529 satis
834 2465 1004 2548 ancipitem
1033 2485 1129 2530 caeco
1158 2464 1278 2547 impetu
1300 2485 1371 2547 per-

262 2566 327 2630 dite
350 2568 520 2646 sequentes
542 2561 649 2626 iacere
671 2564 791 2629 solent.
808 2566 869 2630 hoc
890 2566 985 2630 modo
1009 2566 1062 2649 qui
1084 2585 1178 2631 veros
1199 2566 1371 2631 vocabulo·

262 2688 330 2731 rum
354 2685 452 2730 sonos
471 2671 674 2746 pervertunt,
690 2666 886 2732 Priscianum
908 2674 964 2731 aut
979 2674 1182 2732 contemnunt
1203 2674 1258 2731 aut
1279 2667 1371 2748 igno·

261 2773 333 2832 rant
354 2766 396 2830 de
409 2765 459 2830 his
473 2766 580 2831 verbis
601 2767 726 2833 curiose
741 2769 989 2852 praecipientem
1004 2790 1034 2852 p.
1048 2775 1130 2841 803.
1147 2770 1187 2834 st
1198 2795 1269 2835 cero
1275 2772 1370 2856 facio

203 2860 205 2865 ¹
262 2872 310 2936 rel
321 2871 373 2958 fio
401 2871 533 2955 r'rcteprio
560 2872 756 2935 marcentibus
767 2921 776 2953 ,
796 2870 917 2951 inquit,
940 2871 1033 2934 ettad
1057 2872 1183 2935 verbum
1212 2873 1370 2954 r'rcflrriturn

262 2986 333 3037 arcte
355 2995 394 3036 ea
415 2984 637 3055 comportatur,
654 2996 717 3036 acro
739 2974 840 3038 solum
862 2975 1106 3058 sipat'ficatiortec
1129 2986 1157 3036 ct
1177 2976 1370 3059 coacfrcqatcir-

262 3098 315 3138 occ
337 3075 480 3158 intepras
510 3075 555 3136 eia
575 3098 761 3156 percoctus,
784 3075 841 3139 scd
862 3077 955 3139 etiam
978 3088 1121 3138 accentus
1132 3124 1140 3155 ‚
1156 3088 1191 3138 ut
1216 3076 1370 3158 calefacio

263 3175 417 3260 calefacto
438 3177 605 3263 calfacit,
630 3179 783 3263 tcpcfdcio
805 3177 958 3263 tepefacis
985 3176 1155 3262 tepefacit:
1175 3179 1209 3239 ia
1232 3177 1370 3241 secunda

263 3280 344 3343 caira
368 3289 397 3341 et
421 3279 514 3342 tertia
533 3303 670 3362 persona
689 3281 907 3365 pacauttr'rnas
937 3280 1103 3358 acciretur,
1124 3281 1268 3362 quamvis
1298 3293 1371 3344 sarit

263 3382 368 3445 breves
383 3426 390 3440 .
406 3380 554 3443 similiter
575 3380 691 3464 cclefio
720 3380 834 3464 calefc's
856 3379 984 3464 calefit,
1009 3380 1124 3466 tepefio
1155 3382 1269 3466 tepefio
1290 3396 1370 3468 tepe-

256 3482 323 3566 fit‚
335 3481 459 3567 finales
484 3493 611 3543 serrant
638 3495 781 3545 accentus
809 3484 843 3545 irc
876 3481 1015 3545 secunda
1042 3495 1071 3546 et
1096 3485 1188 3547 tertia
1213 3508 1370 3569 persora,

263 3608 339 3670 quos
361 3569 474 3647 debeat
495 3584 530 3646 ia
544 3583 759 3667 simplicibus.
775 3581 859 3646 huno
879 3581 977 3662 igitur
991 3588 1152 3646 auctorem
1179 3585 1233 3666 qui
1256 3606 1372 3668 seque-

262 3693 331 3769 tur,
352 3685 383 3749 is
412 3689 497 3748 certe
524 3702 643 3746 meram
672 3689 703 3746 et
727 3684 888 3767 propriam
920 3683 1101 3748 barbariem
1128 3684 1292 3767 deponet:
1314 3684 1371 3749 sed

232 3780 236 3785 ’
262 3794 390 3854 veteres
403 3785 449 3849 ita
470 3783 610 3862 dixisse,
626 3786 739 3870 cotesto
761 3790 792 3849 et
807 3786 936 3871 calefit,
953 3804 1017 3848 non
1033 3783 1141 3849 credet
1163 3785 1218 3866 qui
1240 3787 1370 3866 linguae

261 3889 398 3954 Latinae
424 3885 657 3951 vicissitudines
685 3886 959 3950 consideraverit.
980 3885 1088 3966 itaque
1116 3905 1188 3949 cum
1220 3885 1261 3950 ad
1287 3887 1372 3951 Pris-

229 3980 233 3990 ’
261 3989 346 4056 ciani
375 3992 510 4052 aetatem
537 3992 659 4070 partem
685 3992 798 4077 tamen
819 3987 885 4051 veri
912 3988 1096 4071 pervenisse
1123 3988 1288 4070 probabile
1310 3989 1370 4067 sit,

260 4089 340 4155 mihi
363 4088 442 4154 satis
469 4094 587 4153 eertum
614 4088 738 4153 videtur
764 4095 888 4153 veteres
914 4089 1008 4155 huius
1035 4089 1162 4170 generis
1189 4091 1295 4156 verbis
1321 4091 1372 4157 bis
1464 4145 1467 4150 .

261 4190 465 4274 occlusisse,
489 4196 523 4254 ut
544 4189 686 4255 dicerent
708 4193 776 4256 calc
792 4192 840 4276 fis
870 4197 901 4253 et
928 4193 996 4256 ca‘te
1007 4193 1117 4277 facit.
1137 4191 1170 4255 in
1196 4193 1374 4276 participiis

259 4301 373 4360 tamen
398 4291 484 4358 hunc
510 4287 669 4376 duplicem
696 4297 860 4357 accentum
886 4293 990 4358 locum
1012 4294 1161 4359 habuisse
1188 4315 1253 4357 non
1274 4300 1373 4377 puto:

262 4417 341 4462 nam
364 4392 469 4478 neque
490 4415 626 4478 usquam
648 4393 712 4475 legi
735 4406 925 4480 massaeque
937 4397 1066 4482 factum
1077 4398 1188 4482 ,ferae
1210 4399 1284 4462 deae
1295 4397 1372 4482 fac-

260 4513 330 4579 tura
343 4497 565 4586 ‚sartoriam
577 4545 585 4577 ,
609 4501 640 4560 et
662 4515 702 4560 ea
724 4514 806 4576 quae
829 4494 986 4562 distractis
1008 4497 1172 4563 vocabulis
1195 4498 1289 4562 scribi
1309 4517 1373 4560 non

259 4603 427 4683 possunt,
452 4597 561 4680 qualia
590 4602 688 4680 sunt,
713 4598 948 4682 inlabefactus,
973 4601 1191 4686 labefactare,
1211 4597 1372 4684 fripcfac-

261 4717 355 4784 tare,
373 4719 437 4784 quo
452 4699 584 4763 Plautus
606 4699 656 4764 bis
678 4719 754 4764 usus
776 4703 844 4778 est,
861 4701 1070 4787 calefactcre,
1085 4701 1161 4764 item
1180 4699 1373 4783 patefactio,
