3509 5442
788 599 971 642 nununxrrc
1023 582 1035 605 ⁴
1391 582 1430 646 13

313 752 503 818 Lucretium
520 751 633 815 iterum
650 751 759 814 ederet
778 769 888 814 mense
903 749 1051 814 Ianuario
1071 753 1172 825 1515,
1188 751 1350 833 exemplar
1364 752 1431 816 Ma-

316 856 493 919 rullianum
515 873 614 936 prope
638 857 758 929 totum,
775 851 834 916 sed
857 851 1041 932 diligentius
1066 850 1269 928 distinctum,
1285 853 1431 935 repetiit,

316 958 392 1039 ipse
416 976 522 1039 pauca
543 954 671 1019 novavit
697 973 800 1036 eaque
822 953 1014 1035 prudenter.
1031 953 1123 1016 annis
1138 975 1237 1015 xnrru
1259 954 1432 1021 interiectis

317 1057 499 1141 Dionysius
525 1058 700 1121 Lambinus
724 1054 813 1140 (utor
835 1055 909 1138 ,eius
938 1053 1078 1118 editione
1104 1055 1215 1132 tertia,
1240 1076 1321 1137 quae
1346 1055 1432 1123 faeta

319 1167 369 1224 est
392 1159 537 1223 Lutetiae
559 1177 642 1220 anno
661 1157 781 1241 1570),
798 1155 893 1218 homo
915 1155 1038 1236 ingenii
1065 1155 1169 1220 felicis
1192 1156 1340 1239 idemque
1362 1158 1431 1241 phi-

317 1260 488 1345 losophiae
504 1259 665 1323 studiosus
687 1263 718 1321 et
737 1257 865 1337 linguae
881 1258 1014 1322 Latinae
1036 1258 1068 1321 in
1083 1258 1194 1340 primis
1208 1259 1347 1341 peritus,
1363 1266 1432 1324 tan-

318 1371 387 1427 tum
414 1361 590 1445 praestitit,
605 1366 646 1441 ut,
661 1357 806 1443 proxime
828 1366 900 1442 post
922 1360 1110 1438 Marullum,
1126 1361 1224 1441 longo
1254 1366 1361 1426 tamen
1383 1363 1431 1427 in-

318 1465 479 1541 tervallo,
497 1462 703 1527 collocandus
719 1461 779 1536 sit,
796 1459 896 1541 siquis
910 1461 944 1523 in
959 1467 1093 1542 utroque
1109 1481 1148 1525 ea
1163 1481 1246 1542 quae
1258 1463 1343 1528 bona
1359 1472 1432 1530 sunt

319 1567 393 1630 sola
413 1569 575 1628 numeret:
593 1583 666 1626 nam
690 1568 722 1626 31
735 1562 890 1626 Marullus
910 1563 1096 1647 saepissime
1111 1564 1274 1646 peccarit,
1291 1567 1430 1630 3113111-

319 1669 439 1745 binus,
455 1672 580 1749 praeter
602 1664 701 1727 multa
716 1663 903 1741 verissima,
920 1664 1057 1749 mirabili
1078 1666 1216 1747 quadam
1235 1665 1332 1730 animi
1354 1669 1431 1734 levi-

319 1776 386 1835 tate
407 1770 573 1832 innumera
594 1765 658 1828 alia
679 1771 797 1828 temere
818 1767 923 1830 intulit
944 1767 1033 1830 nulla
1055 1787 1152 1831 causa
1167 1767 1320 1848 nulloque
1344 1776 1429 1834 certo

321 1871 479 1947 consili0,
497 1887 578 1950 quae
605 1867 809 1950 possessione
835 1867 952 1931 iniuria
977 1873 1134 1950 occupata
1156 1869 1284 1933 tandem
1311 1872 1432 1954 expulit

320 1971 559 2038 Wakefieldus.
582 1967 717 2032 triennio
750 1974 822 2050 post
849 1969 969 2052 primas
995 1969 1141 2033 Lambini
1176 1989 1268 2034 ouras
1295 1970 1432 2036 Obertus

320 2077 478 2162 Gffanios
502 2071 639 2154 prodiit,
665 2069 771 2134 indice
800 2090 857 2134 seu
886 2071 1121 2147 conlectaneis‚
1150 2071 1232 2135 libro
1258 2071 1322 2136 illis
1352 2080 1430 2137 tem·

319 2174 455 2259 poribus
469 2172 657 2248 utilissimo,
675 2170 791 2234 clarior
805 2171 908 2235 factus
930 2193 1025 2254 quam
1041 2174 1280 2252 emendatione;
1298 2175 1352 2256 qui
1368 2196 1430 2257 quo

318 2279 392 2341 iure
424 2281 477 2339 aut
499 2274 687 2337 Lambinum
715 2279 769 2336 aut
797 2272 878 2337 alios
907 2275 1096 2357 compilasse
1123 2276 1227 2339 dictus
1255 2283 1341 2341 esset
1366 2300 1431 2343 non

321 2377 489 2461 quaesivi:
506 2397 546 2440 ex
569 2376 706 2440 editione
734 2375 855 2453 altera,
880 2396 962 2457 quae
991 2377 1076 2440 facta
1098 2385 1146 2443 est
1167 2379 1317 2460 Lugduni
1337 2382 1431 2446 Bata-

319 2502 435 2546 vorum
458 2500 541 2543 anno
559 2483 661 2555 1595,
678 2499 742 2542 non
763 2479 845 2542 adeo
873 2479 972 2542 multa
993 2487 1101 2562 petere
1116 2480 1224 2562 potui,
1242 2501 1325 2562 quae
1346 2482 1432 2565 prio·

320 2602 376 2646 res
401 2581 461 2646 visi
484 2586 590 2646 essent
611 2580 813 2661 neglexisse.
830 2600 933 2661 neque
961 2580 1038 2645 mihi
1059 2583 1157 2646 multo
1184 2588 1239 2645 aut
1259 2584 1353 2665 plura
1377 2590 1432 2648 aut

321 2682 534 2764 exquisitiora
548 2683 695 2765 praebuit
706 2683 863 2763 Tanaquil
875 2685 998 2761 Faber,
1014 2682 1108 2747 homo
1125 2689 1237 2748 acutus
1250 2735 1257 2760 ‚
1274 2685 1332 2748 sed
1346 2686 1430 2750 idem

319 2784 530 2863 temerarius,
548 2785 601 2866 qui
622 2784 803 2848 Lucretium
832 2783 932 2848 edidit
954 2784 1103 2848 Salmurii
1130 2786 1432 2853 3131316623133-

321 2887 399 2950 dem
434 2887 508 2950 anni
535 2906 643 2950 mense
673 2887 820 2950 Ianuario
847 2886 1025 2950 Riehardus
1051 2888 1215 2951 Bentleios
1243 2894 1335 2952 natus
1363 2896 1431 2967 est,

320 3010 419 3070 quem
450 2993 633 3075 3111131689
660 2988 702 3051 ad
730 2987 823 3051 finem
847 2993 998 3068 vergente
1019 2986 1136 3050 Oxonii
1157 2987 1339 3052 Lucretium
1367 2995 1432 3053 stu-

320 3090 414 3154 diose
441 3089 558 3170 legisse
586 3089 734 3153 Monkius
760 3088 989 3153 demonstravit
1013 3089 1047 3152 in
1075 3089 1140 3154 vita
1166 3089 1299 3153 Bentleii
1321 3110 1351 3171 p.
1371 3095 1431 3156 lli:

320 3212 426 3273 eoque
451 3197 613 3274 tempore,
636 3191 698 3255 hoc
721 3196 864 3256 estante
888 3190 1004 3254 editam
1027 3211 1111 3255 anno
1129 3195 1209 3259 1691
1234 3191 1276 3254 ad
1297 3190 1431 3254 Millium

321 3293 513 3375 epistulam,
535 3293 653 3375 scripta
682 3312 752 3356 esse
785 3311 824 3356 ea
851 3313 933 3373 quae
961 3282 1179 3375 Glasguenses
1205 3298 1291 3356 tomo
1319 3299 1431 3374 quarto

320 3393 453 3478 paginis
472 3417 545 3457 nxrv
574 3400 646 3477 post
664 3399 728 3461 402
755 3394 943 3472 ediderunt,
967 3395 1197 3459 Wakefieldum
1229 3401 1260 3459 31
1289 3395 1432 3460 Eichsta·

321 3496 411 3560 dium
439 3518 503 3560 non
525 3497 673 3578 ignorare
695 3516 755 3578 par
775 3495 852 3560 fuit.
869 3518 943 3560 narn
966 3497 1141 3577 Forbigero
1166 3496 1315 3561 iniuriam
1336 3497 1432 3561 faciat

322 3599 376 3679 qui
410 3619 483 3664 eum
509 3599 560 3662 vel
588 3597 750 3662 minimam
777 3619 845 3662 rem
872 3619 930 3683 per
958 3618 993 3662 se
1019 3598 1205 3679 intellegere
1227 3599 1385 3681 postulet:
1402 3604 1433 3662 et

321 3699 464 3764 habebat
486 3700 537 3764 cni
560 3700 722 3775 crederet,
739 3700 905 3779 Birgerum
927 3699 1150 3777 Thorlacium‚
1175 3699 1228 3780 qui
1250 3700 1432 3763 Lucretium

321 3800 374 3862 ‘ex
401 3800 587 3864 recensione
607 3800 1038 3866 Bentleio·Walrelieldiana'
1059 3801 1178 3865 editum
1197 3799 1332 3865 ridicule
1355 3820 1432 3884 prae

321 3919 358 3964 se
386 3900 512 3965 tulisset
541 3903 687 3966 Hauniae
715 3922 798 3964 anno
819 3907 919 3970 1813.
937 3903 993 3967 sed
1020 3903 1054 3967 in
1080 3901 1273 3966 iuvenilibus
1295 3901 1432 3966 Bentleii

322 4002 565 4070 schediasmatis
587 4005 743 4088 permulta
765 4008 838 4066 sunt
860 4023 983 4067 summo
1007 4008 1038 4067 et
1058 4003 1197 4087 perfecto
1221 4002 1339 4067 artifice
1362 4002 1432 4085 dig-

321 4103 479 4183 nissima3
504 4124 638 4187 quorum
660 4110 781 4189 partem
802 4105 928 4168 videtur
949 4125 1019 4168 cum
1041 4105 1164 4169 Thoma
1180 4106 1325 4171 Crocotio
1348 4125 1433 4169 eom-

321 4205 505 4270 municasse
532 4211 598 4270 tum
624 4206 659 4269 in
686 4205 800 4271 eadem
824 4206 1000 4271 Oxoniensi
1026 4206 1230 4271 universitate
1259 4206 1432 4271 editionem

320 4311 476 4390 parante,
493 4327 577 4388 quae
599 4308 632 4371 in
654 4308 757 4372 lucem
772 4307 891 4389 prodiit
911 4328 994 4371 anno
1014 4313 1095 4377 1695
1108 4358 1116 4386 ,
1131 4309 1266 4392 repetita
1288 4314 1336 4372 est
1350 4309 1433 4372 Lon-

321 4407 622 4474 dini17172habet
643 4410 726 4474 enim
749 4409 936 4472 Bentleiana
958 4410 1122 4493 complura
1144 4409 1333 4487 Creechius,
1350 4430 1432 4492 quae

322 4509 507 4593 simpliciter
522 4511 673 4575 adscribit
687 4512 782 4585 31113,
800 4509 920 4574 33111331
942 4529 983 4574 ne
1006 4510 1130 4574 invenis
1152 4510 1266 4574 artium
1289 4511 1446 4593 magistri,

323 4611 456 4692 eiusque
484 4611 756 4693 Cantabrigiensis
782 4631 898 4675 nomen
927 4612 1046 4676 diceret
1059 4659 1066 4674 .
1081 4611 1151 4695 ipse
1179 4610 1308 4693 quidem
1338 4612 1432 4675 Gree-

325 4711 414 4776 chius
436 4713 536 4785 multa
557 4713 674 4779 rectius
687 4715 914 4797 interpretatus
936 4719 984 4778 est
1006 4733 1101 4795 quam
1116 4710 1261 4794 scripsit,
1276 4711 1310 4774 in
1330 4710 1433 4794 philo-
