3509 5442
783 567 828 635 ΙΠ
1298 577 1360 646 193

248 742 362 808 risium
377 761 408 826 p.
427 744 508 819 114,
524 741 599 804 item
621 740 654 803 in
676 739 812 805 Hercule
830 745 913 810 1095
928 741 1068 820 Seneca,
1085 757 1232 828 quattuor
1253 744 1360 811 littera

246 873 268 911 a
283 851 342 910 aut
355 843 582 929 praetermissa
605 849 660 906 aut
684 842 718 905 in
733 848 959 907 consonantem
980 843 1112 907 durata.
1129 864 1232 927 neque
1254 851 1359 913 tamen
1454 874 1457 880 ⁴

246 947 315 1012 ullo
329 946 425 1011 modo
439 945 590 1011 credibile
602 951 652 1010 est
663 943 887 1009 Germanicum
900 944 1071 1010 Caesarem
1085 946 1227 1011 instrato
1240 947 1359 1017 dixisse

248 1049 393 1116 Graecia
401 1073 614 1136 praecurram
621 1049 727 1134 potius
739 1071 833 1133 paam
847 1050 1010 1135 trraapula
1021 1048 1144 1130 dabam,
1161 1048 1247 1129 quod
1262 1050 1291 1115 ei
1303 1051 1359 1116 ad·

248 1151 376 1233 fingunt
391 1149 519 1215 codices
533 1149 689 1214 Prisciani
703 1170 734 1232 p.
751 1154 831 1218 1358
845 1173 852 1212 :
867 1147 1069 1212 verissimum
1084 1149 1179 1216 fuerit
1192 1177 1247 1216 car
1264 1153 1359 1220 dicite

250 1253 366 1340 liupua
382 1251 507 1317 Graeca
518 1276 635 1338 parum
651 1277 774 1337 curem,
783 1254 954 1337 potiusque
969 1254 1133 1338 triartpula
1148 1253 1270 1319 dicam.
1288 1256 1359 1320 Sul-

248 1354 336 1438 picia
351 1373 479 1437 quoque
490 1352 656 1434 indignum
668 1358 716 1417 est
731 1352 816 1435 quod
831 1351 948 1434 legitur
962 1352 995 1417 in
1008 1353 1106 1418 satira
1120 1354 1209 1437 eius,
1226 1358 1292 1421 Nec
1304 1361 1359 1422 tri·

249 1471 347 1522 metro
370 1457 474 1520 iambo
497 1480 551 1520 aec
573 1458 634 1540 qui
649 1456 730 1540 pede
735 1456 867 1540 fractus
892 1455 995 1519 eodem
1007 1480 1017 1537 ,·
1033 1474 1114 1536 quae
1138 1449 1213 1519 inihi
1235 1457 1359 1523 videtur

250 1558 420 1641 scripsisse
442 1558 508 1622 Nec
530 1559 688 1637 trimetro,
710 1580 765 1621 nec
788 1559 846 1642 qai
855 1558 988 1644 fractus
1008 1558 1088 1643 pede
1110 1560 1232 1623 iambus
1255 1561 1358 1628 eodem

251 1662 393 1725 Fortiter
409 1661 511 1723 irasci
523 1657 636 1722 didicit
651 1658 729 1723 dcccc
745 1658 959 1723 Olaaoaaem'o.
977 1657 1124 1723 scaenica
1138 1659 1286 1740 lieentia,
1302 1682 1359 1745 per

250 1761 506 1845 diphthongum,
525 1759 587 1826 nisi
609 1750 722 1844 fallor,
744 1761 885 1825 Lucilius
909 1761 995 1843 apud
1016 1761 1295 1845 Noniump.19,1
1319 1765 1360 1828 Ia

251 1879 338 1928 terra
350 1864 425 1950 fuit
439 1864 600 1949 lucrfupus
612 1913 620 1944 ,
638 1866 669 1926 et
682 1882 713 1944 p.
726 1866 777 1942 26,
790 1869 810 1933 5
827 1865 1019 1948 Comperaem
1041 1877 1096 1927 aut
1110 1887 1220 1928 varam
1228 1866 1358 1951 fuisse,

250 1965 335 2032 idem
358 1963 446 2048 apud
461 1963 646 2029 Ciceronem
662 1962 702 2029 de
718 1964 835 2029 finibus
850 1987 871 2043 1,
885 1970 904 2032 9
920 1966 1071 2029 Mataicti
1089 1964 1157 2028 dici
1176 1969 1206 2029 et
1220 1966 1264 2030 [a
1277 1969 1362 2053 qaod

251 2070 399 2134 maluisti
407 2117 413 2131 .
430 2066 480 2131 his
493 2066 590 2150 paulo
605 2065 784 2131 laudatiora
799 2071 872 2131 sunt
888 2067 1017 2149 quaein
1032 2092 1063 2131 m
1076 2065 1211 2132 litteram
1226 2075 1359 2134 exeunt:

251 2190 359 2254 neque
382 2188 421 2234 ea
442 2168 484 2233 ad
505 2169 566 2233 hoc
589 2187 692 2250 genus
710 2169 887 2252 pertinent,
904 2169 930 2233 si
952 2189 1062 2233 verum
1083 2175 1131 2233 est
1154 2167 1240 2251 quod
1261 2169 1303 2234 ad
1323 2171 1360 2235 li-

252 2274 345 2339 brum
360 2295 395 2351 11,
410 2275 470 2340 991
495 2271 581 2350 dixi,
600 2271 634 2334 in
655 2270 706 2334 his
728 2291 800 2336 esse
823 2271 981 2354 syllabam
1002 2277 1116 2335 natura
1137 2271 1287 2353 longam.
1303 2273 1361 2338 ita-

252 2395 316 2458 que
330 2377 438 2440 avium
453 2373 578 2438 duabus
601 2372 707 2453 longis
722 2373 855 2456 syllabis
870 2372 993 2437 Ennius
1016 2372 1114 2452 dixit,
1130 2376 1248 2440 Avium
1267 2401 1360 2461 prae-

250 2480 396 2565 petibus,
413 2475 500 2560 apud
515 2475 701 2540 Ciceronem
724 2475 764 2540 de
787 2473 981 2540 divinatione
995 2498 1017 2553 1,
1032 2481 1112 2553 108,
1127 2475 1202 2540 item
1218 2476 1361 2544 Catullus

253 2580 399 2645 similiter
411 2579 589 2645 Camerinos
599 2579 680 2641 mihi
686 2580 841 2663 pessimae
847 2578 976 2663 paellae
987 2627 996 2659 ,
1013 2582 1044 2640 et
1054 2577 1206 2642 Horatius
1224 2581 1283 2645 Vos
1295 2582 1362 2646 leae

253 2683 422 2748 coaaiiium
438 2695 465 2745 et
477 2680 561 2744 datis
577 2692 604 2743 et
615 2679 688 2743 data
701 2729 709 2760 ,
725 2680 811 2743 Hirro
824 2703 911 2743 omae
917 2681 1117 2764 principium
1129 2681 1188 2743 bue
1198 2681 1285 2765 refer
1297 2683 1362 2745 eai-

254 2799 340 2850 tum.
360 2783 394 2846 in
416 2780 466 2846 his
482 2784 498 2846 i
508 2780 644 2844 litteram
667 2779 876 2863 pinguescere
896 2780 1100 2863 perspicuum
1122 2785 1188 2844 est.
1210 2800 1308 2861 quare
1329 2781 1363 2845 in

254 2883 392 2950 Graecis
406 2882 501 2947 huius
523 2881 608 2945 modi
630 2882 710 2949 nihil
730 2880 922 2945 admittitur:
939 2902 1012 2944 nam
1027 2883 1233 2947 Pharsaliam
1255 2894 1363 2947 caeam

254 2987 382 3054 Catullo
403 2984 550 3069 imperite
572 3004 637 3048 non
659 2983 738 3047 nulli
761 2981 1018 3065 adscripserunt:
1035 2981 1093 3046 sed
1113 2983 1147 3046 in
1170 2981 1292 3047 Latinis
1315 3008 1362 3048 ca-

234 3092 387 3155 mbium
409 3084 574 3151 Lucretius
597 3108 627 3164 v,
642 3090 723 3154 1013
753 3081 784 3149 et
807 3084 950 3149 Catullus
966 3089 1017 3161 62,
1029 3089 1070 3152 57
1094 3083 1241 3147 dixerunt
1262 3082 1363 3148 tribus

255 3189 411 3276 syllabis,
428 3186 562 3254 Ovidius
578 3201 605 3251 et
619 3191 719 3274 spissi
735 3189 836 3253 litoris
852 3188 983 3252 Aatiam
998 3185 1296 3268 metamorphoseon
1310 3208 1363 3263 xv,

256 3296 339 3370 718,
355 3288 519 3355 Iuvenalis
541 3290 638 3354 satira
654 3313 695 3368 vr,
709 3294 750 3358 82
766 3292 910 3354 comitata
934 3303 977 3354 cst
991 3290 1100 3375 Eppia
1115 3279 1256 3370 ludium,
1272 3287 1365 3353 Luci-

254 3393 318 3458 lius
340 3390 423 3457 Iade
445 3382 687 3456 Dicaearchium
710 3393 843 3478 populos
866 3393 1042 3475 Delumque
1063 3391 1233 3454 minorem.
1248 3389 1310 3455 hoe
1331 3390 1365 3454 in

254 3493 350 3559 Pauli
362 3491 526 3557 codicibus
540 3512 571 3574 p.
587 3495 647 3557 122
660 3492 810 3576 seriptum
824 3497 872 3556 est
884 3491 1109 3556 diciarohicam
1121 3516 1131 3554 .·
1145 3510 1253 3557 veram
1268 3511 1365 3573 gene·

254 3594 311 3659 tivi
325 3593 462 3658 formam
478 3593 669 3658 confirmabo
693 3594 734 3656 ad
755 3594 869 3657 librum
885 3616 915 3671 r,
928 3599 989 3661 85.
1007 3594 1197 3657 Dicarcheae
1212 3592 1289 3656 Silio
1311 3599 1366 3656 aut

256 3697 359 3762 Statio
375 3695 502 3778 placere
517 3696 638 3779 potuit,
655 3715 719 3758 non
735 3694 856 3759 Lucilio
871 3720 877 3757 :
894 3694 1161 3776 Dicaearcheam,
1178 3691 1265 3773 quod
1286 3692 1364 3756 Mul-

255 3799 344 3864 lerus
367 3796 459 3880 fecit,
476 3796 623 3860 Latinum
646 3816 717 3861 esse
739 3818 842 3881 nego,
859 3813 963 3877 neque
984 3795 1074 3858 deam
1090 3792 1364 3875 monosyllabum,

258 3898 346 3980 quod
369 3896 424 3961 illc
447 3917 466 3960 a
489 3916 523 3962 sc
555 3897 741 3980 saepissime
768 3899 969 3962 obseruatum
996 3893 1123 3972 scribit,
1145 3899 1234 3957 extra
1254 3913 1366 3958 versus

257 3994 425 4065 scaenicos
451 3998 618 4080 quisquam
646 3998 745 4062 dixit.
765 4003 940 4081 posuerunt
968 4002 1074 4083 tamen
1102 3997 1235 4059 balteum
1262 3996 1364 4060 etat

257 4126 349 4167 amm
378 4118 435 4184 per
457 4100 677 4184 diphthongon
703 4094 863 4183 disyllaba
890 4099 1078 4183 epitomator
1105 4095 1223 4162 Iliados
1245 4101 1367 4165 63291

258 4202 381 4268 Statius
403 4200 586 4266 Thebaidos
602 4225 631 4279 u,
648 4209 686 4279 1,
708 4201 766 4266 sed
788 4200 868 4279 soli,
889 4219 992 4282 neque
1020 4199 1066 4262 ita
1092 4198 1260 4282 quisquam
1291 4200 1366 4264 Tbe-

258 4329 346 4370 aeam
369 4308 425 4367 aut
446 4303 602 4390 Orpheum
625 4300 723 4381 dixit,
738 4302 771 4366 in
794 4302 909 4384 quibus
931 4327 946 4365 a
967 4299 1087 4366 vocalis
1108 4300 1231 4366 Graeca
1252 4321 1323 4366 cum
1345 4325 1369 4369 u

258 4405 377 4470 Latina
398 4424 463 4468 non
484 4404 565 4469 coit.
1302 4421 1304 4425 ·

347 4510 421 4576 919.
466 4526 655 4576 vrrnuoun
692 4525 878 4575 uuournur
910 4554 917 4568 .
957 4506 1052 4570 Recte
1087 4505 1269 4587 Naugerius
1305 4525 1368 4567 nn·

259 4630 412 4682 curari.

349 4713 424 4780 922.
447 4709 525 4776 Nnc
555 4721 786 4776 nusmaaruu
816 4733 947 4777 nosrar
974 4731 1041 4774 uos
1070 4730 1197 4774 sonum
1227 4727 1366 4772 annun.

1101 4786 1163 4882 la.
