3509 5442
403 565 444 630 38
950 560 965 622 Ι

404 734 444 797 de
466 732 557 797 divis.
577 750 637 795 rer.
651 753 675 806 1,
692 735 726 806 8,
744 728 798 793 ubi
818 748 874 792 eas
894 749 946 794 res
966 749 1048 811 quae
1071 729 1217 811 publicae
1241 734 1315 792 sunt
1328 735 1512 812 pertractat,

404 836 560 899 Naturali
569 837 637 898 iure
648 834 786 896 onuu'um
798 834 974 895 eommunia
985 846 1057 896 sum
1077 833 1149 912 tlte,
1167 844 1236 913 aer,
1251 857 1335 916 apuu
1343 835 1512 918 profluens,

405 951 544 1013 otmaro,
557 949 585 1000 et
593 958 652 1020 per
664 934 718 996 boo
731 934 824 996 litora
837 936 953 997 maris.
966 959 1053 998 nemo
1066 935 1165 1020 ipitur
1176 933 1222 996 od
1232 934 1306 997 litua
1317 937 1419 1000 marie
1432 960 1513 1000 ocoe-
1555 964 1556 969 ¹

404 1038 476 1102 dere
487 1037 672 1122 prohibetur
685 1033 838 1118 precandi
850 1060 948 1099 ouum
954 1060 965 1117 ;
981 1035 1055 1099 dum
1067 1050 1169 1099 tamen
1181 1035 1267 1098 uillis
1279 1049 1308 1099 et
1318 1036 1478 1122 aedificiis
1490 1050 1514 1101 et

403 1139 608 1202 monumentis
619 1138 822 1216 abstineatur,
835 1137 913 1220 puio
924 1161 985 1200 non
997 1151 1070 1200 eunt
1081 1138 1163 1200 iuria
1173 1138 1313 1222 pontium
1324 1140 1407 1200 sieut
1418 1162 1513 1202 niara

404 1237 555 1302 Horatius
582 1243 687 1301 autern
716 1237 761 1299 sio
789 1236 902 1314 sentit,
923 1257 1009 1301 mare
1038 1237 1157 1302 debere
1183 1237 1228 1300 ita
1254 1243 1290 1301 ut
1318 1236 1358 1301 sit
1386 1256 1514 1301 manere

404 1359 509 1421 neque
524 1339 681 1422 privatum
703 1337 770 1402 fieri
786 1335 1079 1402 aedificationibus.
1096 1339 1203 1420 itaque
1226 1338 1319 1416 haee,
1330 1338 1394 1403 nisi
1405 1338 1513 1417 fallor,

405 1441 570 1524 scripsisse
594 1439 773 1504 oensendus
801 1445 868 1516 est,
887 1442 1060 1505 Ooementia
1089 1443 1160 1506 lieet
1188 1466 1317 1527 ooeupee
1342 1443 1514 1506 Terrenum

404 1568 492 1608 omne
515 1545 577 1605 tuis
600 1555 628 1605 et
649 1566 735 1605 more
748 1543 932 1626 publicum.
949 1557 1105 1607 terrenum
1127 1567 1215 1607 omne
1237 1548 1272 1605 ut
1285 1541 1397 1606 Livius
1412 1565 1495 1605 xxm
1504 1592 1513 1624 ‚

408 1649 445 1711 19
459 1642 618 1728 quidquid
628 1642 753 1707 herbidi
765 1645 884 1706 terrem'
897 1658 987 1709 entra
999 1670 1124 1708 murum
1136 1658 1217 1726 erat,
1232 1649 1263 1707 et
1277 1643 1327 1708 his
1337 1644 1431 1726 paria
1446 1644 1512 1709 alii

405 1742 566 1808 simillima
588 1744 743 1807 sententia
769 1743 809 1807 de
836 1764 933 1808 aureo
958 1746 1086 1810 saeeulo
1110 1745 1398 1821 Germanicus,ll4
1422 1746 1513 1834 Ipno-

405 1848 489 1930 tique
500 1847 719 1909 morisouraue
726 1895 734 1927 ,
742 1849 936 1931 priuataque
947 1846 1038 1910 tellus
1047 1847 1150 1910 Grato
1161 1851 1240 1912 satis
1246 1873 1257 1930 ;
1268 1847 1323 1910 ubi
1334 1848 1433 1930 paulo
1445 1853 1514 1930 post

405 1945 608 2011 scribendum
632 1952 680 2010 est
702 1972 756 2011 neo
770 1950 870 2032 poroi
890 1951 1040 2012 terminus
1062 1951 1138 2034 apri
1148 1950 1337 2013 Praestabat
1359 1947 1514 2032 dominu,

404 2051 472 2113 eine
488 2072 521 2112 eo
538 2047 628 2131 (libri
649 2048 757 2133 seprio)
773 2052 948 2129 tutissima,
970 2075 1068 2113 rura.
1084 2050 1125 2113 de
1141 2050 1337 2114 Graecorum
1352 2049 1515 2114 nominum

405 2149 580 2231 quantitate
603 2154 637 2212 ut
656 2149 690 2211 in
711 2149 892 2231 praesentia
912 2150 989 2214 nihil
1010 2151 1134 2229 diuam,
1155 2151 1230 2215 nolo
1253 2157 1359 2215 tamen
1381 2153 1513 2218 reticere

404 2252 480 2315 mibi
503 2270 559 2314 eos
580 2270 679 2333 pravo
701 2249 819 2315 iudioio
842 2251 887 2314 uti
910 2249 1012 2316 videri
1036 2249 1089 2331 qui
1102 2250 1250 2316 Ovidium
1263 2253 1445 2317 existiment
1467 2274 1513 2318 re-

404 2352 564 2433 legatione
580 2351 711 2415 fractum
728 2351 867 2416 seribere
888 2353 1029 2435 potuisse
1049 2356 1119 2417 ot'sa
1133 2356 1268 2419 Maeotis
1283 2357 1380 2419 lu'eme
1395 2354 1431 2419 in
1445 2355 1514 2420 tris

404 2454 481 2517 tium
494 2476 543 2530 ur,
560 2457 611 2531 12,
624 2458 663 2531 23
681 2454 731 2517 oui
746 2460 860 2536 poetae
885 2475 976 2518 suum
993 2452 1082 2518 reddi
1098 2461 1205 2536 potest
1226 2456 1287 2521 hoo
1308 2456 1403 2520 modo
1418 2508 1427 2535 ‚
1444 2459 1513 2522 Fri-

402 2578 483 2642 pora
505 2555 568 2617 iam
592 2557 725 2641 zephyri
740 2557 904 2638 minuunt,
920 2581 1063 2642 annoque
1081 2571 1209 2642 peracto
1225 2558 1367 2644 Lonpim·
1381 2561 1515 2647 intepuit

405 2653 495 2740 (libri
519 2655 677 2740 antiquis)
699 2657 770 2719 vieo
797 2659 922 2721 Tomitie
944 2659 1059 2722 bieme.

491 2760 562 2824 366.
585 2757 664 2819 Aur
688 2778 850 2820 corrui..
866 2758 1020 2822 Marullus
1042 2761 1094 2822 Ar
1117 2773 1246 2824 eontra.
1264 2758 1312 2823 sio
1328 2761 1515 2844 saepissime

404 2857 455 2922 hio
469 2864 584 2941 poeta,
599 2858 633 2920 in
649 2881 694 2935 vr,
712 2864 792 2927 1095
804 2860 847 2923 Et
862 2875 990 2936 eontra,
1007 2859 1041 2923 in
1056 2860 1170 2924 eodem
1186 2866 1249 2928 929
1264 2861 1431 2948 dilutaque
1446 2890 1515 2931 con-

405 2975 455 3024 tra
465 3010 474 3042 ,
491 2979 555 3023 non
576 2961 615 3024 Ut
626 2974 754 3038 eontra,
772 2959 857 3041 quod
873 2958 984 3023 ‘edidit
999 2981 1038 3024 ex
1050 2961 1179 3043 ingenio
1196 2962 1267 3027 suo'
1281 2963 1515 3032 Wakefieldns.

403 3082 477 3125 mox
499 3081 594 3125 versu
616 3067 677 3129 367
702 3061 876 3142 quadratus
900 3068 930 3126 et
953 3062 1090 3128 schedae
1105 3068 1227 3128 uoouim
1250 3066 1376 3128 minua.

489 3168 562 3230 372.
585 3186 805 3226 urrnurreus
832 3186 976 3227 neuun.
1001 3166 1169 3231 Correeter
1197 3165 1329 3246 oblongi
1356 3174 1388 3231 et
1415 3170 1516 3235 ceteri

403 3270 528 3348 praeter
551 3272 674 3329 veteres
690 3264 892 3330 membranas
914 3291 1047 3332 nruur.
1072 3267 1231 3333 sedidem
1247 3277 1404 3334 corrector
1421 3272 1516 3336 etiam

404 3367 467 3430 alio
492 3366 586 3430 modo
611 3373 642 3432 et
656 3366 855 3450 ineptissime
878 3372 981 3434 alvei.

490 3474 562 3536 383.
587 3469 691 3534 Uuun
719 3492 866 3534 1u1r1un
900 3495 1067 3536 rnruuu.
1091 3472 1259 3536 Correetor
1286 3474 1418 3557 oblongi
1444 3499 1516 3541 1u1·

403 3592 497 3632 run.

487 3678 560 3742 384.
583 3697 630 3738 nn
658 3698 873 3740 concurso.
897 3676 968 3753 ltali
995 3683 1026 3740 et
1052 3676 1206 3742 Marullus
1235 3700 1450 3744 concussa.
1472 3682 1517 3748 ita

402 3775 607 3842 membranae
629 3777 663 3841 in
686 3801 738 3856 vr,
758 3782 816 3846 161
844 3782 925 3845 172.

488 3884 559 3946 386.
576 3880 689 3943 Iuruu
702 3902 870 3944 conronn
885 3904 984 3953 ouon
1003 3882 1196 3947 transtuli
1208 3889 1239 3947 et
1249 3884 1405 3950 Marullus
1419 3910 1515 3953 rtur.

487 3987 559 4051 383.
583 4005 657 4046 usu
679 4007 822 4048 rnruun
851 4007 982 4056 ourso.
999 4007 1205 4048 uacussnsr
1228 3987 1405 4052 eccum
1433 4013 1516 4055 rnnn

400 4106 546 4148 nocuu.
563 4086 717 4150 Marullus
732 4089 877 4173 primum
901 4109 1096 4157 annuens.

487 4193 559 4256 395.
584 4209 721 4250 rornsr
749 4210 1034 4251 cononusunrnn
1062 4209 1156 4253 aaa.
1184 4191 1352 4268 Cerreetor
1382 4192 1516 4276 oblongi

401 4312 634 4352 nauseatus.

452 4454 455 4459 .
484 4396 558 4458 404.
582 4414 697 4454 cauus
721 4415 765 4456 ur
787 4416 1031 4461 noumvronn
1047 4418 1238 4459 nauseare
1253 4418 1421 4462 raanan.
1440 4399 1515 4464 Cor·

400 4498 503 4556 rector
533 4493 664 4576 oblongi
675 4497 955 4585 ferorum:feroi
980 4505 1139 4564 oorreetor
1168 4497 1336 4581 quadrati,
1352 4502 1510 4567 Antonius

399 4594 513 4674 Marii,
530 4597 605 4662 olim
620 4598 786 4682 impressi,
802 4601 977 4666 Marullus.
994 4601 1112 4667 rectius
1129 4607 1176 4666 est
1190 4625 1322 4682 ruant,
1340 4604 1417 4686 quia
1431 4632 1512 4674 non

400 4701 538 4788 tioopum
551 4703 706 4788 ferorum
725 4729 826 4790 ponus
849 4704 964 4770 dieitur
985 4703 1019 4768 in
1040 4725 1084 4783 11,
1100 4710 1163 4774 597
1189 4709 1292 4776 1081.
