3509 5442
409 1881 496 1994 riute
518 1932 576 1995 lros
600 1932 686 1996 mille
708 1954 809 1999 annos
836 1934 868 1996 in
894 1932 1031 2014 quadam
1059 1930 1149 2013 regni
1172 1930 1316 1997 Francici
1338 1940 1427 2016 parte

316 2055 415 2097 unum
446 2041 610 2117 supererat
636 2036 814 2100 Lucretiani
842 2035 990 2101 carminis
1019 2033 1181 2117 exemplar
1208 2033 1386 2114 antiquum,
1410 2056 1427 2100 c

320 2156 382 2216 quo
399 2142 519 2214 cetera,
543 2157 675 2217 quorum
698 2144 770 2221 post
791 2139 847 2201 illa
862 2144 1006 2220 tempora
1021 2135 1174 2199 memoria
1195 2134 1270 2213 luit,
1292 2136 1429 2201 deducta

319 2244 405 2315 sunt3
428 2238 488 2301 nisi
510 2239 589 2301 torte
612 2259 684 2302 curn
701 2241 815 2304 librum
829 2241 976 2305 Larci-etii
995 2262 1092 2303 caum
1114 2256 1207 2319 quem
1223 2238 1350 2302 saeculo
1374 2238 1429 2302 de-

318 2340 400 2404 cimo
424 2340 598 2404 ssobienses
627 2360 662 2404 sc
690 2341 807 2405 habore
837 2343 1030 2425 scripserunt
1058 2340 1091 2405 in
1113 2340 1259 2420 catalogo
1282 2361 1302 2404 a
1324 2341 1429 2404 Mura-

318 2444 399 2506 torio
416 2442 448 2506 in
464 2442 712 2523 Antiquitatibus
724 2444 841 2508 Italicis
857 2444 959 2521 odito,
985 2449 1070 2507 torno
1087 2464 1123 2505 111
1132 2463 1163 2525 p.
1177 2446 1256 2519 820,
1279 2448 1310 2506 et
1324 2442 1427 2525 ipsum

318 2544 382 2607 iarn
406 2549 480 2608 tunc
502 2544 664 2624 antiquum
680 2544 777 2610 fuisse
794 2546 949 2630 suspicari
964 2545 1130 2609 volumus.
1148 2550 1231 2608 corte
1247 2544 1340 2607 huius
1359 2543 1429 2607 nul-

319 2644 384 2708 lum
408 2666 540 2726 usquam
559 2654 644 2709 extat
658 2647 847 2729 vestigium:
864 2667 903 2711 ex
924 2646 980 2711 illo
996 2665 1090 2729 quem
1111 2645 1144 2709 in
1159 2664 1258 2726 regno
1275 2645 1427 2709 Francico

319 2745 418 2811 fuisse
442 2747 586 2812 dicebam
608 2748 697 2812 multi
719 2749 838 2828 tribus,
861 2754 1013 2831 quantum
1029 2765 1222 2827 cognoscere
1238 2766 1427 2828 possumus,

321 2849 475 2931 exemplis
504 2849 653 2933 descripti
682 2856 772 2914 sunt.
788 2851 822 2915 id
851 2852 1015 2934 exemplar
1038 2855 1211 2913 ceterorum
1235 2869 1428 2910 inenerr-

322 2972 392 3012 rou
421 2952 483 3037 (ita
510 2952 673 3033 appellare
701 2953 808 3037 soleo)
840 2938 979 3017 constitit
1009 2951 1135 3033 paginis
1168 2972 1269 3027 occu,
1295 2970 1428 3031 quarum

322 3072 384 3114 non
406 3058 525 3116 tantum
549 3054 652 3136 prima
673 3060 704 3117 et
726 3055 855 3133 ultima,
872 3053 929 3118 sed
952 3057 1117 3135 praeterea
1137 3051 1308 3115 centesima
1330 3070 1429 3113 nona-

322 3153 464 3233 gesima,
487 3174 569 3236 quac
598 3160 665 3218 crat
685 3162 758 3237 post
784 3156 877 3219 finem
905 3155 977 3220 libri
1001 3154 1123 3237 quarti,
1147 3152 1342 3235 conscriptae
1365 3173 1428 3215 non

321 3253 467 3318 fuorunt:
487 3257 561 3320 item
592 3277 657 3320 una
683 3257 717 3319 in
744 3257 825 3322 libro
848 3256 971 3339 primo,
995 3262 1030 3321 ut
1052 3256 1154 3319 dicam
1181 3254 1223 3318 ad
1245 3255 1338 3318 huius
1361 3273 1429 3317 ver-

322 3376 391 3418 sum
410 3362 491 3424 loon
507 3408 514 3435 ,
530 3377 632 3421 vacua
645 3356 704 3421 fuit
717 3359 846 3423 relicta:
862 3359 896 3422 in
911 3357 1042 3439 reliquis
1056 3356 1182 3421 fuerunt
1196 3356 1308 3421 vorsus
1324 3355 1435 3435 vigeni

322 3460 389 3522 soni
403 3510 410 3536 ,
425 3460 465 3522 ·in
489 3459 599 3522 ultima
621 3459 694 3523 libri
717 3459 870 3540 cuiusque
895 3459 1080 3542 pauciores.
1102 3480 1196 3541 porro
1219 3459 1288 3522 eius
1311 3456 1429 3520 codicis

323 3561 509 3642 scripturam
531 3561 642 3625 litteris
667 3562 855 3644 capitalibus
877 3560 1119 3641 gracilioribus,
1143 3581 1206 3625 non
1229 3559 1428 3638 uncialibus,

322 3660 420 3726 fuisse
444 3662 549 3726 multis
570 3662 696 3726 indiciis
712 3662 861 3744 cognosci
882 3668 1007 3745 potest:
1025 3663 1250 3727 vocabulorum
1272 3659 1428 3722 distinctio

322 3764 409 3827 nulla
428 3762 506 3841 fuit,
524 3765 747 3829 sententiarum
760 3764 1016 3829 constantissima
1030 3764 1063 3827 in
1079 3762 1193 3827 mediis
1208 3761 1372 3825 versibus.
1390 3779 1429 3823 ex

323 3865 438 3945 quibus
462 3865 557 3928 rebus
578 3865 772 3946 intellegitur
795 3885 865 3929 eum
890 3864 1017 3929 saeculo
1046 3870 1118 3947 post
1141 3863 1297 3927 Christum
1321 3867 1429 3924 natum

322 3974 434 4049 quarto
458 3967 606 4048 quintove
629 3968 840 4050 conscriptum
868 3967 994 4043 fuisso,
1022 3964 1215 4047 Vergilianis
1243 3962 1430 4045 exemplari-

320 4071 402 4145 bus,
427 4087 509 4150 quac
533 4088 571 4132 ex
596 4088 633 4132 eo
657 4088 775 4150 genere
798 4074 988 4153 supersunt,
1012 4066 1226 4132 simillimum.
1242 4066 1302 4128 hoc
1324 4070 1429 4127 tamen

322 4169 533 4235 confitendum
562 4176 630 4248 est,
653 4190 757 4252 neque
785 4170 949 4235 librarium
976 4189 1042 4232 rern
1073 4189 1162 4233 suam
1190 4167 1266 4232 satis
1288 4164 1429 4229 studiose

322 4271 450 4352 egisse,
472 4290 576 4352 neque
599 4278 812 4349 correctores,
836 4290 918 4353 quos
944 4271 977 4334 in
1003 4271 1084 4336 libro
1108 4267 1299 4352 expoliendo
1323 4286 1429 4329 curam

323 4374 499 4437 collocasse
522 4379 673 4455 apparet,
695 4374 795 4436 multa
824 4372 864 4437 ab
892 4372 947 4435 illo
970 4379 1101 4454 peccata
1122 4369 1330 4434 emendasse:
1347 4372 1430 4431 certe

323 4496 362 4538 ne
382 4496 482 4539 unum
506 4474 633 4555 quidem
657 4494 696 4538 cx
718 4475 758 4538 iis
773 4474 917 4539 versibus
940 4494 1021 4554 quos
1036 4472 1194 4536 omisisset
1208 4471 1428 4545 restituerunt3

322 4583 357 4641 ut
366 4577 535 4641 videantur
548 4574 625 4671 mihi
642 4577 783 4642 codicem
799 4596 912 4654 suum,
928 4582 963 4639 ut
977 4574 1044 4639 fere
1059 4573 1225 4649 dicebant,
1242 4574 1310 4637 sinc
1326 4588 1430 4633 exem-

326 4679 430 4760 plario
452 4676 571 4759 legisse
593 4682 624 4743 et
645 4685 681 4743 ut
700 4678 860 4763 potuerint
882 4678 1089 4743 emendasse.

1197 4778 1242 4844 t*
1300 4826 1305 4831 -
