3509 5442
322 556 387 622 362
856 550 899 615 Vl

409 725 481 789 226.
514 741 664 784 uruurrs
691 741 957 791 uourrnusouu
986 719 1254 785 cessemus.
1286 719 1341 784 sic
1362 719 1430 785 libri

321 828 447 889 veteres
476 826 507 886 et
533 823 730 888 Veronensis
758 822 879 887 editio.
906 821 1060 888 Marullus
1086 822 1254 887 venosime
1284 842 1431 885 uosmr-

322 948 486 997 uusouu.
510 924 667 989 Antonius
684 925 775 988 Marii
798 931 830 989 et
850 925 1026 990 Brixiensis
1048 922 1150 988 editor
1171 923 1282 1009 inepte
1303 927 1431 990 motibus

322 1043 437 1113 atquc:
458 1025 492 1090 iu
513 1026 729 1091 Wakefieldus
751 1027 867 1109 probat
890 1048 961 1092 cum
984 1025 1117 1092 asseclis
1140 1024 1226 1090 suis.

408 1132 481 1197 228.
518 1132 591 1195 229.
642 1131 811 1193 'Purusrr
848 1151 937 1192 num
974 1148 1139 1192 vncrnuu
1175 1149 1325 1191 ruamus
1362 1150 1432 1191 ran

323 1252 437 1293 sarrs
460 1252 669 1314 comosus,
694 1231 847 1295 Ouiuoa
869 1253 915 1294 ur
938 1251 983 1293 uo
1006 1250 1150 1312 vocas,
1179 1250 1338 1292 rasusrr
1367 1242 1432 1291 rur

323 1354 455 1416 susos,
479 1354 547 1396 rau
568 1355 685 1396 snus.
710 1332 877 1414 Oblcngus
901 1334 959 1396 hac
976 1356 1086 1396 cocco.
1107 1356 1166 1416 per
1188 1353 1285 1395 saxu
1309 1350 1431 1396 correc-

321 1439 370 1499 tor
398 1431 542 1516 quadrati
572 1441 603 1498 et
628 1433 725 1499 Itali.
748 1433 862 1498 horum
891 1433 979 1516 prior
1007 1452 1081 1516 pars
1109 1431 1143 1495 in
1172 1433 1276 1516 primo
1305 1452 1431 1516 quoque

320 1534 401 1598 libro
417 1534 533 1616 legitur
547 1535 592 1599 ita
606 1540 690 1614 489,
714 1537 841 1600 l'rarrcr‘t
861 1536 1071 1620 eoimflurucu
1086 1537 1238 1621 caclipcr
1253 1549 1368 1620 caepta
1381 1535 1430 1600 do·

321 1661 464 1718 morum,
489 1638 615 1702 Clamor
637 1652 670 1702 ιι
693 1638 737 1701 ad
757 1661 872 1720 vocac5
894 1635 948 1699 ubi
971 1635 1172 1700 scribendum
1199 1655 1273 1701 esse
1295 1635 1431 1700 vidimus

324 1739 452 1801 Transit
474 1740 555 1802 eut'rn
566 1740 696 1823 fulmen
715 1740 858 1817 caelum,
879 1762 939 1823 per
958 1751 1068 1823 scepta
1086 1738 1249 1803 domorum
1266 1739 1395 1804 Clamor
1408 1741 1431 1802 it

321 1863 358 1902 ac
380 1863 490 1905 voces.
515 1838 572 1905 sed
595 1839 652 1904 illa
674 1860 756 1922 quae
778 1838 851 1903 libri
874 1837 1025 1903 exhibent
1053 1859 1093 1904 ne
1119 1838 1172 1904 hic
1202 1839 1333 1921 quidem
1357 1837 1430 1904 ferri

321 1947 480 2023 possunt:
505 1961 578 2005 nam
600 1960 705 2023 neque
727 1940 893 2006 domorum
917 1944 1029 2023 saepta
1051 1944 1114 2002 tam
1137 1938 1218 2004 dura
1240 1946 1316 2005 sunt
1339 1946 1374 2005 ut
1394 1961 1431 2005 ea

320 2038 444 2104 fulmini
466 2061 530 2105 non
554 2042 709 2108 obsistere
732 2041 911 2106 mirandum
933 2041 999 2119 sit,
1027 2060 1131 2123 neque
1161 2041 1222 2106 hoc
1252 2062 1293 2107 ea
1319 2043 1431 2107 transit

320 2139 364 2204 ita
386 2147 420 2204 ut
442 2144 562 2207 clamor
584 2164 764 2227 arvenos,
793 2143 850 2208 sed
880 2143 1067 2227 plerumque
1094 2142 1193 2206 laedit
1219 2149 1252 2208 et
1277 2149 1313 2207 ut
1335 2142 1429 2207 modo

319 2240 438 2307 dictum
461 2250 508 2309 est
530 2242 674 2310 accendit
696 2250 728 2308 et
748 2244 781 2308 in
804 2245 938 2309 aedibus
960 2242 1164 2308 dominatur.
1193 2245 1304 2327 itaque
1325 2245 1362 2309 in
1384 2244 1430 2308 his

321 2361 448 2424 quoque
470 2345 557 2409 illum
580 2345 837 2427 interpolatorem
860 2344 1082 2431 philosophum
1104 2364 1268 2429 agnosco,
1285 2347 1343 2429 qui
1361 2367 1429 2411 cum

320 2444 486 2527 utrobique
505 2449 634 2511 Transit
653 2450 733 2513 euim
745 2450 876 2534 fulmen
895 2447 1050 2531 legisset,
1069 2452 1125 2510 aut
1138 2451 1309 2530 utrumque
1324 2449 1429 2513 locum

319 2542 437 2627 pariter
459 2547 653 2632 corruperit,
670 2554 725 2613 aut
743 2568 826 2631 quae
845 2549 878 2613 in
900 2550 980 2614 libro
1003 2546 1106 2633 primo
1127 2547 1192 2611 iam
1214 2555 1368 2634 corrupta
1387 2551 1429 2614 in·

268 2704 273 2715 .
318 2646 458 2713 venisset
479 2649 541 2714 huc
562 2650 707 2733 imperite
729 2651 925 2716 transtulerit
941 2700 948 2715 .
967 2654 1062 2735 poeta
1083 2648 1164 2738 baec
1185 2656 1308 2715 tantum
1331 2652 1430 2735 scrip

319 2755 422 2827 serat,
449 2754 580 2816 Transit
602 2754 684 2817 enim
706 2752 848 2817 calidum
860 2754 992 2837 fulmen
1009 2776 1069 2838 per
1090 2775 1196 2835 caca,
1213 2778 1278 2840 per
1300 2778 1391 2819 acra.
1426 2812 1428 2816 .

404 2855 476 2920 231.
522 2853 649 2917 Cunrr
682 2876 770 2916 rrrsu
804 2876 910 2917 vssrs
940 2877 1112 2918 rurroars
1142 2859 1230 2917 urus
1260 2877 1429 2919 nuruum

318 2954 576 3019 D1rruo1nur.
593 2954 767 3020 Lambinus
788 2958 861 3021 item
883 2969 939 3021 ut.
964 2975 1042 3022 sane
1065 2981 1178 3022 carcre
1200 2975 1271 3020 cum
1294 2958 1430 3042 simplici

319 3055 516 3121 coniunctivo
544 3056 692 3123 dixerunt
722 3056 932 3141 paucissimi.
956 3058 989 3122 in
1012 3057 1157 3122 omnibus
1178 3056 1286 3122 Plauti
1307 3079 1350 3124 ac
1372 3062 1431 3124 Te·

297 3232 299 3239 ,
319 3157 412 3221 rentii
432 3157 551 3224 fabulis
574 3179 670 3223 unum
695 3159 874 3241 exemplum
899 3165 970 3243 est,
993 3160 1027 3223 in
1051 3159 1243 3224 Curculione
1266 3181 1309 3243 rr,
1323 3164 1356 3238 2,
1369 3165 1430 3228 31:

319 3259 376 3323 sed
399 3279 510 3325 versus
526 3261 606 3340 ruit,
623 3260 684 3325 nisi
707 3275 741 3325 ιιι
762 3261 815 3325 vel
837 3277 865 3326 ct
886 3261 1066 3327 infirloimus
1088 3261 1152 3339 ita,
1175 3262 1339 3346 Eloquere
1354 3262 1432 3347 quid

319 3363 366 3424 uis
379 3409 386 3424 .
403 3368 519 3445 quaeso
535 3377 568 3427 ut
583 3364 663 3427 barte
679 3368 786 3444 cures,
798 3369 863 3439 [ut]
875 3365 949 3428 berre
960 3366 1002 3427 sit
1013 3366 1087 3428 tert.
1098 3362 1173 3428 item
1184 3361 1217 3426 in
1228 3382 1327 3427 versu
1338 3365 1431 3429 Pom-

318 3460 425 3543 ponii,
450 3462 504 3542 qui
527 3470 575 3527 est
597 3463 683 3545 apud
697 3464 727 3527 N
729 3463 834 3528 onium
849 3485 881 3548 p.
895 3469 967 3543 275,
980 3469 1023 3533 24
1038 3471 1069 3530 et
1083 3470 1156 3543 469,
1169 3468 1211 3532 20
1223 3463 1361 3548 ‚potius
1385 3470 1432 3530 est

318 3566 352 3625 ut
367 3561 542 3628 scribamus
554 3567 663 3650 Mati
678 3567 793 3630 curabo
805 3580 840 3632 ut
847 3616 856 3649 ‚
872 3569 930 3631 ubt'
938 3568 1115 3653 coqnerint,
1128 3589 1232 3630 omncs
1244 3591 1312 3632 urta
1324 3591 1429 3633 acacc-

317 3667 419 3748 tt'aut,
442 3686 537 3748 quam
565 3686 636 3731 cum
658 3665 789 3730 Munkio
813 3688 844 3751 p.
857 3671 899 3735 92
922 3670 1030 3754 Mcpt's
1052 3669 1167 3732 curabo
1190 3669 1263 3732 ubi.
1287 3667 1430 3733 Lucilius

317 3767 405 3851 apud
415 3768 554 3834 Nonium
569 3789 600 3852 p.
613 3774 672 3838 118
685 3793 798 3833 curare
810 3769 898 3834 dorni
906 3771 970 3834 siat
982 3770 1121 3834 Gordius
1128 3819 1137 3851 ,
1150 3771 1290 3836 cucillae
1297 3820 1306 3854 ‚
1317 3775 1429 3856 pueri,

319 3873 472 3954 zouoriu',
494 3884 613 3936 testor.
629 3871 663 3934 in
678 3869 791 3935 lexicis
808 3876 910 3935 estex
927 3870 1089 3935 Ciceronis
1106 3869 1250 3954 epistulis
1265 3895 1299 3950 rr,
1312 3879 1344 3950 8,
1361 3878 1376 3940 1
1393 3899 1430 3938 cc

318 3973 378 4037 tila
398 3973 524 4057 quidam
541 3997 617 4037 caro
631 3974 713 4037 milri
724 3974 866 4055 scribas,
890 3977 921 4037 et
936 3991 976 4038 ex
991 3971 1136 4036 Phaedro
1152 3995 1182 4051 V,
1196 3976 1216 4038 2
1230 3976 1297 4039 iam
1313 3979 1430 4042 carabo

317 4077 431 4139 sentiat
445 4075 529 4152 Quos
545 4075 742 4140 adtemtarc't.
765 4073 854 4138 addit
867 4074 1069 4139 Burmannus
1085 4073 1278 4139 Petroniana
1298 4095 1341 4140 ex
1362 4097 1428 4161 cap.

317 4180 359 4244 58
367 4225 376 4258 ,
392 4177 507 4240 curabo
523 4178 587 4240 t'cm
600 4179 659 4241 tt'bt'
667 4178 753 4241 Iocis
768 4178 870 4241 iratus
886 4179 927 4241 sit
942 4191 970 4242 et
984 4180 1042 4242 icti
1054 4179 1114 4262 qui
1125 4178 1186 4241 titt
1197 4200 1260 4241 corr
1275 4179 1412 4264 imperat
1418 4204 1429 4262 5

206 4285 208 4289 ’
318 4276 441 4342 scilicet
463 4276 615 4359 magistro
636 4283 689 4342 tuo
704 4278 937 4361 Agamemnoni
953 4277 1042 4364 (nam
1056 4278 1246 4360 interpretes
1263 4298 1329 4344 non
1345 4286 1429 4346 recte

318 4376 482 4464 capiunt);
503 4384 534 4443 et
554 4397 593 4442 ex
609 4378 724 4443 eodem
742 4379 845 4462 capite
862 4382 977 4445 curabo
993 4381 1083 4466 lotape
1099 4381 1159 4444 tibi
1170 4382 1212 4444 sit
1226 4383 1354 4447 comula
1369 4386 1429 4449 aito

317 4483 465 4549 cessata.
481 4482 599 4545 Frento
611 4502 641 4565 p.
651 4485 713 4549 228
726 4480 781 4565 (78
793 4481 848 4566 N.)
866 4485 926 4547 tt'bt'
937 4506 1030 4568 caepe
1041 4507 1170 4547 nummo
1181 4484 1363 4550 curandum
1374 4535 1382 4568 ,
1395 4487 1427 4549 t'rt

318 4586 470 4650 theatrum
487 4606 609 4648 crocum
625 4584 714 4668 lcupc
728 4583 831 4669 adque
843 4585 905 4650 alta
917 4586 1131 4670 caprimotur.
1147 4583 1180 4647 in
1193 4583 1362 4652 Ciceronis
1374 4606 1426 4669 pro

318 4685 457 4752 Caecina
469 4683 612 4751 oratione
623 4682 697 4749 libri
707 4682 897 4751 dissentiunt
908 4690 937 4768 ξ.
950 4692 986 4754 11
997 4737 1005 4767 ,
1018 4689 1142 4752 curavit
1152 4692 1218 4765 [ct]
1230 4688 1267 4753 ic
1279 4689 1426 4777 cosuado
