3509 5442
863 575 892 639 V
1368 579 1430 646 291

317 773 381 814 nus
394 747 470 813 dum
481 747 549 812 colo
561 770 627 812 esse
638 745 767 810 conairm
778 796 787 828 ,
804 745 985 812 Orationem
997 748 1030 810 in
1043 746 1175 812 Antium
1182 748 1345 834 petitorem
1356 738 1429 815 Pie·

318 875 395 914 nam
407 851 521 915 veneni
529 861 557 914 et
565 846 762 934 pestilentiae
774 848 840 934 lepi
847 899 855 930 ,
871 867 937 911 non
949 848 1023 936 tepet
1033 898 1042 931 ,
1057 852 1093 912 ut
1102 849 1198 933 paulo
1210 855 1284 932 post
1297 852 1331 915 si
1337 852 1428 937 nefa·

318 956 374 1018 ria
396 955 516 1038 scripta
540 950 623 1016 Sesti
650 973 796 1035 receps0.
817 955 850 1014 at
876 949 909 1013 in
931 950 1035 1033 prima
1061 948 1269 1015 multitudinis
1291 971 1430 1035 persona

319 1060 436 1138 poetae
458 1051 694 1135 ambiguitatem
717 1070 781 1115 non
803 1051 895 1117 veriti
917 1051 1058 1136 syllabas
1074 1058 1319 1141 eonnaxerunt.
1334 1053 1429 1119 Plau·

319 1163 373 1221 tus
395 1155 429 1218 in
450 1154 592 1220 Poenulo
608 1176 629 1231 1,
642 1157 704 1231 2,9
725 1155 810 1217 Nam
825 1178 882 1218 nas
897 1179 995 1240 usque
1018 1156 1056 1219 ab
1072 1180 1191 1221 aurora
1212 1155 1258 1220 od
1275 1158 1330 1221 troc
1345 1155 1431 1243 quod

322 1259 418 1325 dieist
433 1259 486 1322 Ite
501 1256 661 1321 industria
682 1257 793 1320 ambae
812 1280 982 1342 numquam
997 1280 1214 1322 concessamus
1228 1259 1357 1323 Lauari
1375 1271 1431 1322 aut

311 1363 461 1449 fricari.
476 1357 646 1424 Terentius
659 1357 692 1420 in
704 1355 859 1440 Adelphis
873 1381 918 1441 111,
932 1363 961 1435 3,
976 1361 1012 1423 11
1031 1383 1150 1424 omnem
1165 1385 1230 1425 rem
1241 1361 1332 1426 modo
1347 1361 1429 1443 seni,

323 1467 392 1545 Quo
402 1476 494 1550 pacto
512 1463 648 1542 tabern,
662 1485 848 1525 enarramus
864 1461 994 1526 ordine.
1011 1460 1171 1542 Vergilius
1184 1464 1262 1527 Aen.
1273 1466 1350 1540 vat
1363 1459 1430 1526 Ad·

321 1589 432 1631 sumus
448 1575 599 1653 otpertus
614 1561 714 1626 delati
729 1563 885 1626 intramus
906 1565 1041 1627 amicos.
1057 1561 1241 1645 Propertius
1255 1585 1301 1642 111,
1316 1566 1364 1646 15,
1377 1566 1430 1630 39

323 1670 426 1748 Quam
449 1666 549 1731 multa
572 1664 718 1750 adposita
739 1688 910 1729 narramus
931 1667 1025 1730 cerba
1041 1664 1195 1729 lucerna!
1217 1665 1319 1742 Quam
1340 1667 1431 1729 uario

323 1771 474 1857 amplexu
496 1780 652 1831 mutamus
666 1767 813 1830 dracoleia
825 1767 838 1830 l
861 1764 1052 1849 Calpurnius
1068 1769 1097 1843 l,
1112 1768 1151 1834 18
1174 1789 1229 1830 nec
1250 1765 1430 1829 milti-

323 1873 430 1938 Grata
452 1870 555 1956 mapis
565 1869 696 1954 fuerint
717 1892 811 1953 quam
834 1892 915 1953 quae
928 1881 1104 1955 spectamus
1129 1868 1163 1930 in
1185 1866 1281 1931 urbe.
1298 1867 1431 1955 Proper·

323 1973 389 2038 tius
410 1972 444 2035 in
458 1993 492 2048 11,
505 1973 566 2049 l‚2
583 1972 699 2056 flemus
724 1983 856 2054 ‘uterque
880 1969 936 2034 diu
947 2020 956 2053 ,
976 1971 1026 2034 Ni
1044 1994 1100 2034 nos
1122 1967 1276 2033 diuideret
1286 1995 1298 2054 ‚-
1316 1968 1367 2033 oui
1389 1969 1431 2034 si·

324 2073 493 2139 millimum
515 2076 564 2138 est
584 2095 693 2137 nomas
714 2069 827 2135 Ennii.

412 2180 486 2244 397.
510 2194 581 2237 cun
608 2194 954 2236 rnronrrnararax
981 2197 1060 2238 vra.
1082 2171 1265 2250 Quadratus
1290 2186 1431 2261 petonta·

324 2301 457 2366 napae.
473 2275 544 2340 Itali
566 2276 718 2339 Phaonte
740 2299 866 2361 rapere,
887 2274 996 2357 itaque
1019 2273 1195 2340 Brixiensis
1217 2273 1334 2339 editio.
1356 2294 1432 2341 mox

326 2380 487 2460 oblongus
502 2379 693 2464 phaetonta,
710 2376 885 2457 quadratus
906 2379 1071 2444 laetante.

415 2485 488 2549 399.
510 2501 571 2542 ms
602 2499 674 2542 cun
694 2500 894 2543 renarras,
916 2479 1098 2556 Quadratus
1125 2482 1178 2545 ira
1206 2482 1431 2567 comparitas,

325 2581 483 2648 Marullus
506 2602 578 2645 run
596 2584 756 2668 percitus.

415 2688 489 2753 400.
512 2704 669 2746 sernum
683 2704 856 2748 rnunmrs
879 2704 984 2746 reru.
1003 2683 1170 2747 correan-
1193 2681 1324 2762 oblongi
1346 2703 1433 2746 rnn-

325 2807 450 2850 nrnrs.
544 2787 546 2792 ’

415 2893 488 2958 405.
512 2909 659 2951 ararum
673 2934 680 2949 .
695 2888 767 2952 Itali
790 2889 959 2952 Gnarum.

416 2996 490 3060 410.
534 2991 611 3054 Aur
640 3010 805 3053 renuunt
832 3011 922 3053 nus,
952 2982 1126 3053 Librarius
1151 2987 1296 3069 quadrati
1332 2989 1434 3074 primo

329 3093 501 3177 scripserat
533 3094 677 3175 Ut‚tum
702 3091 778 3157 fecit
800 3089 1029 3158 alitherum
1056 3095 1203 3153 neutrum
1229 3110 1338 3154 verum
1368 3097 1435 3171 est,

329 3194 390 3261 sed
411 3193 506 3259 scribi
529 3192 624 3258 debet
637 3193 687 3256 Er
708 3193 819 3259 ordine
840 3213 988 3259 versuum
1008 3194 1148 3258 mutato.
1165 3206 1220 3256 aut
1241 3191 1286 3255 ita
1309 3192 1436 3276 sapien-

330 3298 408 3363 dum
431 3295 532 3374 foret,
547 3299 601 3374 ut,
621 3294 682 3360 nisi
704 3296 752 3361 vis
774 3297 895 3379 ignium
918 3293 1091 3376 aliquando
1114 3292 1260 3377 cederet,
1280 3311 1332 3357 res
1353 3295 1436 3379 peri·

330 3406 423 3465 turae
449 3416 521 3463 esse
548 3395 746 3462 dicerentur:
766 3399 811 3464 ita
837 3404 943 3463 autem
969 3396 1075 3478 ignem
1102 3421 1254 3483 superare
1272 3419 1383 3482 posse,
1402 3402 1438 3462 nt

331 3518 505 3583 numquam
528 3498 725 3583 revincatur,
742 3500 899 3583 Epicurus
921 3502 1040 3580 negat.

419 3606 492 3669 412.
516 3621 685 3664 nonrrun
704 3623 847 3666 narras
864 3620 1014 3673 suanno
1032 3620 1166 3663 onnam
1182 3622 1291 3664 urnrs
1305 3649 1311 3662 .
1327 3602 1437 3685 Inepte

332 3704 490 3772 Antonius
519 3702 633 3781 Marii,
655 3702 821 3782 Gitanius,
846 3701 1091 3783 Wakefieldus,
1118 3703 1274 3767 bominum
1304 3705 1437 3768 mattos.

333 3806 490 3872 Marullus
513 3805 631 3890 optime
652 3807 768 3871 mattas
791 3827 918 3870 ansts.

421 3912 494 3976 425.
518 3907 808 3977 Ounruonrsoun
837 3927 974 3970 cornu.
999 3905 1202 3971 Correotores
1227 3903 1439 3986 antiquissimi

334 4032 469 4087 coms,
485 4013 520 4073 ut
540 4027 634 4073 versu
652 4011 733 4076 190.
1011 4002 1015 4016 ’

422 4116 495 4181 428.
519 4108 741 4174 Onnranrus
764 4132 927 4173 coneus.
952 4109 1119 4174 Gorreetor
1141 4108 1272 4191 oblongi
1295 4109 1439 4200 Omnipo-

334 4239 412 4282 nos.
429 4212 487 4312 sed
507 4212 541 4276 in
563 4211 645 4276 libro
660 4233 682 4290 1,
696 4214 778 4280 1026
800 4215 885 4276 recte
908 4210 1060 4294 scriptum
1084 4216 1133 4276 est
1155 4211 1258 4276 Onna
1278 4237 1398 4300 penas.

422 4321 496 4384 429.
519 4337 566 4378 nu
588 4335 659 4384 Qun
683 4334 875 4377 converri
897 4333 1082 4376 nnrnnru.
1106 4312 1158 4378 Ad
1180 4312 1294 4378 librum
1310 4336 1344 4393 11,
1359 4318 1438 4384 1061

336 4418 404 4483 dixi
426 4414 598 4498 legendum
621 4433 693 4480 esse
716 4436 933 4478 correers.

423 4525 496 4588 430.
521 4539 662 4581 rnuunr
684 4538 851 4581 uxorema
875 4538 1009 4579 sanna.
1025 4517 1062 4579 In
1085 4513 1225 4580 seeundo
1237 4517 1376 4601 flerent:
1390 4515 1441 4580 hic

336 4621 410 4687 Itali
431 4624 517 4687 reete
540 4640 668 4683 riost.
685 4619 744 4685 sed
765 4624 933 4704 praeterea
955 4637 994 4683 ex
1015 4617 1096 4681 libro
1119 4615 1259 4681 secundo
1274 4617 1443 4682 adsumen-

337 4723 415 4789 dum
438 4728 487 4789 est
508 4743 668 4800 seusun,
683 4721 744 4786 hoc
766 4727 816 4787 est
830 4721 978 4803 quotiens
999 4720 1044 4783 ita
1058 4718 1215 4782 elementa
1235 4718 1277 4784 ad
1292 4718 1443 4784 mundum

1179 4819 1247 4888 19*
