3509 5442
392 564 434 627 92
929 559 960 622 Π

476 738 548 801 318.
572 751 645 802 ouo
673 751 772 801 cusu
799 750 1015 792 vocaurns.
1040 730 1107 807 Quo
1129 748 1308 798 eunucus
1336 731 1499 791 corr'ector

390 832 541 914 oblongi.

475 939 548 1003 320.
571 933 621 997 Er
645 954 777 996 snrrrr
799 954 905 994 seur.
921 932 992 997 Itali
1015 938 1046 996 et
1068 930 1216 1014 impressi
1238 953 1408 994 aarum.

475 1038 547 1103 322.
570 1035 621 1097 Er
637 1057 705 1096 vnn
727 1055 785 1096 urr
808 1057 843 1095 ru
859 1056 998 1097 vrnrnr.
1016 1031 1223 1098 scribendum
1239 1038 1288 1097 est
1302 1035 1352 1099 vel
1372 1056 1418 1095 ur
1444 1036 1476 1096 io
1487 1084 1496 1116 ,

389 1137 464 1201 item
490 1137 523 1200 in
545 1156 641 1200 versu
664 1134 757 1198 huius
779 1133 850 1197 libri
875 1138 937 1203 780
959 1159 1003 1199 ur
1028 1139 1059 1200 in
1084 1134 1259 1220 quadrato,
1281 1135 1426 1216 quamvis
1452 1135 1497 1198 ibi

391 1257 517 1320 quoque
534 1236 727 1319 exemplaria
740 1234 879 1299 habeant
901 1240 950 1302 oti
962 1240 1015 1301 io.
1032 1236 1151 1300 nullam
1175 1234 1259 1297 enirn
1277 1235 1311 1299 in
1327 1235 1497 1301 vocabulis

389 1340 486 1404 'iambi
508 1339 599 1421 pedis
622 1356 770 1401 mensura
786 1336 1024 1418 comprehensis
1044 1335 1209 1400 elisionem
1230 1337 1415 1402 aLucretio
1439 1337 1496 1401 ad-

389 1439 518 1504 missam
546 1459 618 1505 esse
644 1438 828 1502 docebimus
856 1436 898 1500 ad
926 1438 1041 1503 librum
1067 1461 1112 1520 111,
1130 1442 1218 1506 954.
1240 1444 1361 1520 partem
1387 1445 1495 1503 tamen

389 1546 552 1623 poetarum
573 1541 614 1605 ab
636 1541 697 1604 hoc
719 1557 835 1621 genere
857 1558 922 1602 non
936 1539 1107 1604 abhorrere
1129 1538 1248 1603 ibidem
1263 1541 1495 1606 concedemus:

390 1640 447 1705 sed
473 1641 586 1722 nequis
612 1641 670 1705 ulli
702 1646 814 1723 poetae
840 1639 1023 1705 adscribere
1049 1639 1125 1704 velit
1151 1644 1254 1705 1111111
1276 1667 1431 1727 aequore,
1452 1642 1495 1705 ad

355 1796 359 1803 .
390 1740 532 1808 eiusdem
562 1743 635 1809 libri
668 1762 796 1807 versum
818 1747 880 1809 941
908 1741 1113 1807 cavebimus.
1139 1761 1243 1823 neque
1267 1741 1302 1805 in
1329 1741 1495 1807 Ciceronis

390 1843 594 1927 epistulamm
616 1849 737 1927 x1V,16
760 1842 931 1925 legendum
954 1849 1002 1907 est
1023 1846 1074 1907 ott
1093 1847 1140 1926 ei,
1157 1842 1215 1908 sed
1237 1857 1271 1907 ot
1292 1846 1353 1908 tei.

474 1950 546 2013 324.
571 1947 778 2012 caurorum
805 1967 1015 2009 coronarer.
1032 1944 1126 2027 Apud
1148 1944 1342 2009 Macrobium
1365 1944 1493 2009 Saturn.

389 2052 460 2124 vr‚1
486 2048 678 2134 Compensat
699 2049 867 2134 complent,
887 2052 917 2111 ot
938 2047 972 2110 in
989 2047 1052 2110 fine
1074 2065 1185 2111 versus
1208 2049 1348 2110 cientur.

473 2154 544 2217 325.
569 2149 722 2212 Funoon
743 2171 804 2211 uni
822 2195 829 2210 .
850 2148 1005 2212 Marullus
1032 2171 1107 2211 rar.
1129 2149 1253 2233 Fotqcr
1278 2147 1349 2211 Itali
1378 2155 1409 2213 et
1434 2148 1493 2212 im-

388 2250 509 2331 pressi:
525 2249 600 2312 item
621 2250 655 2313 in
676 2269 772 2314 versu
787 2252 850 2316 332
863 2249 986 2336 folqcr
999 2249 1095 2313 iidem
1118 2254 1150 2313 et
1165 2254 1323 2314 corrector
1338 2250 1491 2331 oblongi.

474 2356 545 2419 330.
568 2353 812 2414 Turumrunr
836 2400 843 2414 .
871 2350 1052 2428 Quadratus
1090 2353 1350 2433 Transmittuot,
1382 2351 1491 2433 itaque

388 2453 568 2517 Macrobius
591 2452 716 2517 Saturn.
732 2458 816 2529 v1‚4.

472 2559 544 2622 331.
568 2576 672 2618 nuris
695 2576 901 2618 nouimus,
918 2553 976 2618 His
999 2577 1094 2617 uror
1117 2553 1302 2620 adiecerunt
1322 2555 1413 2619 Itali.

473 2659 544 2723 337.
569 2677 682 2719 orrum
706 2679 894 2721 conarer.
917 2654 1015 2720 Iidem
1039 2669 1179 2720 constant
1197 2705 1204 2719 .
1225 2655 1272 2721 sic
1292 2655 1374 2719 infra
1395 2676 1492 2722 versu

387 2761 450 2824 694
473 2755 667 2838 quadratus,
684 2759 842 2840 oblongus
858 2771 972 2822 constet
993 2774 1091 2837 super
1105 2755 1265 2839 adscripto
1281 2782 1321 2820 o.
1338 2757 1397 2821 sed
1419 2778 1492 2822 oum

386 2857 420 2921 in
441 2878 536 2923 versu
552 2863 614 2927 724
629 2859 700 2923 libri
723 2859 922 2925 consentiant
942 2858 976 2921 in
992 2857 1248 2936 coniunctivum,
1265 2858 1349 2922 malo
1371 2858 1493 2940 ubique

387 2981 592 3038 conamur,
608 2961 792 3044 praesertim
816 2983 886 3026 oum
902 2959 1019 3043 ubique
1042 2959 1143 3023 oratio
1165 2979 1185 3022 a
1200 2959 1397 3024 coniunctivo
1420 2980 1492 3025 sus-

385 3081 486 3144 pensa
507 3062 565 3127 sit.

469 3169 542 3231 342.
565 3166 762 3227 Pannrnnu
791 3186 908 3228 onnus
936 3185 1118 3228 nuunuuu
1147 3185 1322 3235 uuruour
1348 3185 1490 3227 narnu-

386 3288 447 3328 TFS
477 3265 750 3336 SQUAMIGERUM
777 3287 943 3329 recubas
975 3287 1017 3328 ET
1040 3288 1159 3330 LAETA
1185 3286 1352 3342 ARBUSTA
1379 3287 1491 3329 FERE-

385 3389 475 3437 ouu.
492 3368 662 3430 Praeterea
677 3371 872 3432 correctores
887 3367 1098 3448 antiquissimi
1114 3375 1145 3433 et
1159 3368 1282 3432 Nonius
1296 3388 1327 3450 p.
1344 3371 1412 3444 158,
1426 3371 1489 3433 22.

385 3468 445 3531 hoc
467 3472 613 3544 servate,
630 3485 670 3531 ne
693 3465 775 3531 desit
796 3467 947 3551 verbum,
963 3470 1059 3551 paulo
1081 3475 1153 3552 post
1174 3489 1245 3534 cum
1255 3468 1391 3533 Marullo
1412 3468 1490 3533 sori·

382 3569 521 3634 bendum
550 3573 599 3634 est
620 3569 764 3650 Horum,
785 3588 849 3633 non
873 3571 1011 3648 Quorum
1022 3597 1033 3654 ;
1055 3571 1116 3635 nisi
1144 3569 1229 3653 quod
1254 3570 1441 3648 Lucretius,
1463 3572 1490 3635 si
1516 3585 1518 3590 ·

383 3690 455 3736 eum
477 3677 562 3737 recte
584 3671 677 3750 novi,
694 3671 799 3754 potius
822 3671 1000 3755 scripsisset
1014 3675 1184 3738 Praeterea
1203 3697 1303 3761 qenes
1318 3673 1490 3736 bursonam

382 3788 544 3860 mutasque
565 3777 705 3838 natantia
725 3774 967 3860 Squamr‘percm
987 3776 1125 3862 pecudes
1136 3825 1145 3857 ‚
1167 3779 1294 3851 cetera,
1314 3775 1404 3838 Haec
1424 3798 1488 3838 om-

382 3876 438 3939 nio
457 3878 632 3962 pancration
653 3901 764 3940 some.
791 3875 849 3939 sed
870 3875 951 3940 illud
973 3879 1143 3943 Praetereo
1169 3896 1294 3940 omnem
1317 3873 1489 3939 sententia·

382 3996 450 4039 rum
474 3976 727 4041 coniunctionem
750 3976 872 4041 relaxat
892 4027 900 4041 .
923 3998 997 4043 nam
1020 3999 1090 4043 curn
1112 3984 1207 4064 poeta
1228 3977 1280 4041 hic
1300 3976 1417 4041 docere
1440 3975 1489 4040 in-

382 4075 477 4158 cipiet
506 4078 612 4142 omnia
643 4099 777 4160 quorum
799 4084 913 4143 natura
935 4100 1084 4162 magnam
1107 4080 1231 4164 copiam
1252 4078 1394 4163 proferat
1415 4098 1489 4162 spe·

382 4176 432 4242 oie
464 4183 496 4241 et
522 4178 625 4259 figura
653 4179 805 4257 differre,
828 4184 952 4263 poterat
980 4181 1138 4247 hocloco
1166 4180 1271 4246 dicere
1299 4182 1487 4266 Principio,

380 4298 445 4341 non
466 4280 656 4361 Praeterea,
677 4279 763 4362 quod
786 4281 989 4363 subsequitur
1019 4283 1053 4346 in
1074 4284 1176 4350 altero
1199 4283 1368 4366 exemplo,
1392 4299 1488 4345 versu

379 4384 526 4457 367,111
553 4383 713 4448 Postremo
738 4382 771 4446 in
798 4383 889 4448 tertio
909 4388 970 4451 371
996 4433 1003 4446 .
1028 4391 1061 4448 at
1088 4406 1129 4450 ne
1157 4387 1323 4471 Principio
1357 4382 1487 4465 quidem

365 4480 474 4546 'scribi
496 4480 610 4561 debet,
627 4483 795 4565 quoniam,
811 4490 846 4549 ut
860 4485 946 4563 dixi,
962 4492 1035 4549 ante
1049 4486 1129 4551 illud
1144 4490 1283 4568 Quorum
1304 4487 1395 4552 deest
1416 4508 1487 4554 ver·

379 4583 474 4660 bum,
496 4584 582 4665 quod
603 4585 786 4651 necessario
808 4588 947 4671 positum
968 4586 1027 4651 luit
1047 4588 1081 4652 in
1103 4590 1279 4654 sententiae
1301 4589 1429 4672 capite.
1451 4589 1486 4654 id

379 4691 486 4750 autem
508 4686 639 4750 verbum
667 4687 756 4754 cuius
777 4688 864 4752 modi
889 4688 983 4756 luerit
1004 4690 1099 4757 facile
1120 4689 1264 4773 intellegi
1285 4695 1414 4777 potest:
1435 4709 1485 4754 re-
