3509 5442
767 538 812 605 IV
1278 546 1341 611 233

224 709 375 776 ordinem
404 728 555 775 versuum
592 689 833 792 perlurbatum,
864 729 958 793 quern
999 710 1138 778 numeris
1173 711 1340 796 adscriptis

228 811 378 895 ostendi,
394 810 437 876 ad
458 810 560 894 ipsam
575 810 741 876 veritatem
757 810 938 877 revocavit.
955 812 1015 877 hoc
1038 819 1072 877 ut
1093 814 1137 878 ita
1160 834 1231 880 esse
1249 815 1341 879 intel-

229 914 412 999 legeretur,
438 912 508 978 eius
533 913 633 979 verba
662 911 837 980 secundum
864 914 1008 995 singulas
1035 916 1157 981 litteras
1190 915 1341 1000 ipsasque

234 1015 453 1082 distinctiones
481 1014 639 1100 descripta
665 1015 839 1100 proposui.
867 1014 983 1096 'Atque
1009 1036 1049 1083 ea
1074 1017 1248 1084 continuo.
1272 1018 1342 1095 Qus

235 1119 440 1201 sequuntur!
471 1123 675 1202 praepostere
713 1116 831 1200 scripta
869 1123 968 1181 sunt.
1006 1118 1212 1184 continuetur
1245 1141 1341 1204 ergo.

237 1219 351 1286 Seruet
373 1225 405 1286 et
420 1219 531 1285 elisam
545 1219 579 1283 in
596 1217 771 1304 (deletum)
789 1219 933 1302 sequenti
948 1220 1085 1304 pagina.
1103 1226 1135 1286 et
1149 1241 1342 1306 consequen-

237 1329 281 1388 ter
307 1340 413 1404 usque
439 1320 505 1386 ibi.
538 1319 587 1386 Ac
613 1319 736 1386 resilire
763 1322 804 1387 ab
833 1322 955 1386 rebus.
984 1322 1076 1386 tertia
1102 1323 1243 1406 pagina.
1267 1326 1344 1390 Post

237 1424 315 1488 baec
336 1422 486 1488 redeatur
507 1422 590 1489 hue.
606 1422 781 1509 Splendida
794 1445 910 1508 porro.
931 1430 962 1489 et
981 1424 1127 1489 continue
1149 1446 1256 1508 usque
1278 1426 1342 1492 ibi.

236 1527 263 1592 Α
284 1523 447 1592 tenebris.
472 1524 529 1611 (ita
544 1531 703 1591 corrector
718 1514 949 1609 quauffloc
964 1526 1124 1609 antiquior
1138 1532 1201 1597 312
1215 1553 1222 1592 :
1243 1529 1345 1612 prima

237 1649 334 1694 manu
350 1643 383 1693 ..t
398 1628 559 1714 tea-ebria.)
583 1647 620 1692 ac
636 1633 866 1709 consequenter
880 1648 982 1710 usque
1003 1628 1067 1693 ibi.
1089 1630 1159 1707 Que
1174 1630 1235 1696 sita
1250 1639 1343 1697 sunt.

236 1731 315 1797 lude
338 1730 472 1796 saltetur
492 1728 587 1794 illuc.
610 1728 704 1807 Quod
727 1735 837 1794 contra
858 1729 983 1795 iacere.
1004 1730 1062 1815 (ita
1084 1733 1278 1815 quadratus,
1299 1741 1331 1800 io

204 1828 211 1835 ’
237 1858 304 1900 cere
318 1831 341 1911 .)
364 1833 411 1898 Ac
433 1830 559 1897 demum
583 1832 815 1912 continuetur3'
840 1831 924 1897 hunc
946 1839 1019 1899 ante
1041 1835 1230 1900 Lambinum
1251 1857 1344 1902 nemo

237 1939 367 2002 secutus
391 1940 458 2000 est:
480 1932 636 1997 Marullus
660 1933 743 1999 enim
765 1933 849 1999 hunc
871 1932 993 2000 fecerat
1013 1957 1161 2003 versuum
1185 1939 1344 2019 ordinem,

238 2042 301 2107 298
318 2039 489 2105 323-325
504 2038 674 2104 299-322
690 2040 859 2105 348-352
875 2041 1042 2107 326-341
1059 2046 1228 2112 353-363
1240 2046 1346 2110 342-

237 2137 572 2218 caracallarum
593 2143 699 2203 auram
714 2159 846 2222 prorsus
867 2139 1006 2206 absurde
1020 2146 1083 2212 aas
1099 2147 1268 2215 aaa-am
1283 2149 1346 2213 aaa
1438 2131 1442 2139 '

237 2245 346 2310 -322
356 2244 525 2310 sae—347
537 2244 620 2310 348.
637 2246 670 2304 at
680 2240 854 2306 Lambinus
865 2241 898 2306 in
910 2243 1021 2310 codice
1033 2244 1235 2325 Bertiniano,
1252 2266 1346 2328 quem

237 2346 309 2429 ipse
336 2362 401 2408 non
426 2341 572 2427 viderat,
593 2340 650 2406 sed
675 2342 814 2407 habebat
840 2364 860 2408 a
887 2345 1039 2411 Turnebo
1067 2353 1268 2432 excerptum,
1290 2368 1347 2414 eos

237 2467 297 2515 sex
327 2465 438 2512 versus
466 2445 520 2529 qui
545 2450 694 2510 notantur
711 2448 880 2514 342-347
910 2467 947 2512 eo
975 2448 1046 2513 loco
1069 2448 1134 2533 legi
1163 2449 1262 2516 refert
1284 2470 1347 2532 quo

237 2551 310 2636 ipse
327 2568 385 2615 eos
400 2547 606 2615 excutiendos
623 2547 798 2627 curaverit,
815 2547 875 2612 hoc
898 2554 946 2613 est
967 2548 1048 2615 inter
1064 2556 1123 2618 341
1142 2557 1173 2616 et
1189 2557 1273 2637 299,
1297 2573 1348 2618 oe-

237 2660 310 2718 tera
332 2650 428 2718 tacite
453 2650 496 2715 ad
518 2655 655 2716 mentem
678 2650 865 2715 correctoris
893 2648 1068 2734 disposuit.
1089 2654 1183 2718 ceteri
1210 2653 1348 2721 editores

237 2753 401 2834 Lucretii,
418 2753 510 2837 quasi
535 2771 589 2818 res
611 2750 698 2816 factu
713 2748 867 2816 facillima
890 2750 1023 2832 fuisset,
1040 2772 1143 2837 neque
1158 2755 1348 2820 Lambinum

239 2875 348 2940 neque
371 2855 469 2921 alium
496 2861 561 2920 tam
584 2853 719 2920 eximiae
741 2853 949 2920 restitutionis
976 2862 1134 2921 auctorem
1166 2858 1232 2922 ulla
1254 2856 1349 2924 laude

240 2959 376 3044 dignum
402 2957 646 3024 existimarunt.
675 2954 790 3020 erroris
817 2956 906 3039 origo
933 2957 1104 3023 lectoribus
1135 2959 1253 3024 nostris
1284 2979 1349 3023 non

239 3067 347 3147 potest
358 3061 495 3126 obscura
506 3079 593 3127 esse:
607 3063 742 3145 apparet
753 3058 853 3138 enim,
866 3059 894 3124 si
906 3059 1015 3124 titulos
1026 3059 1219 3126 carminibus
1230 3058 1348 3139 addas,

241 3184 356 3232 versus
371 3185 469 3243 xxvi,
486 3161 540 3245 qui
561 3162 685 3246 priores
708 3180 780 3226 esse
795 3160 974 3246 debebant,
989 3168 1063 3246 post
1077 3163 1158 3228 alios
1180 3163 1257 3229 item
1273 3185 1351 3226 xxvr

244 3267 419 3336 collocatos
440 3284 533 3345 esse3
554 3264 640 3348 quod
661 3263 730 3329 fieri
753 3284 816 3328 non
838 3265 940 3347 potuit
960 3265 1023 3331 nisi
1045 3285 1103 3351 per
1124 3263 1275 3331 schedam
1298 3285 1351 3329 co-

242 3369 324 3436 dicis
338 3367 503 3454 archetypi
518 3388 538 3432 a
553 3366 665 3433 ceteris
678 3365 813 3431 solutam
830 3373 862 3432 et
872 3367 1050 3453 inversam,
1068 3388 1151 3450 quae
1165 3366 1226 3433 fuit
1240 3373 1352 3432 octava

243 3472 338 3538 buius
361 3470 454 3551 libri,
471 3469 592 3537 codicis
614 3469 711 3535 totius
726 3492 846 3534 nxvnr.

330 3577 405 3643 324.
431 3574 520 3637 Furr
549 3594 615 3658 ur,
640 3595 733 3636 nnrn
760 3595 902 3639 ocutus
934 3598 1065 3640 runnrr
1093 3598 1157 3646 our
1184 3597 1364 3652 aaaron,

245 3702 287 3744 ur
311 3698 423 3741 rnnu.
446 3674 509 3753 Qui
538 3674 647 3759 priora
673 3681 759 3743 recte
785 3675 983 3757 distinxerit,
1003 3698 1069 3742 non
1095 3676 1251 3742 dubitabit
1276 3677 1351 3758 quin

244 3777 449 3849 scribendum
470 3779 512 3846 sit
525 3782 595 3846 Fiet
616 3801 697 3843 rra.
715 3783 873 3844 corrector
896 3778 1041 3861 quadrati
1063 3779 1170 3862 inepte
1192 3793 1263 3844 aare
1285 3803 1352 3844 oco-

245 3888 314 3969 los,·
329 3903 394 3966 quo
418 3887 535 3948 temere
557 3887 682 3966 arrepto
698 3879 916 3947 Wakefieldus
938 3881 1016 3946 fecit
1037 3882 1126 3964 dict,
1143 3895 1170 3947 ct
1190 3894 1260 3946 cote
1282 3904 1351 3946 oca-

246 3987 408 4075 losfuerit
429 3987 489 4072 qai
508 3984 635 4068 dacter,
651 3998 685 4049 ut
706 3984 809 4049 idem.
825 3985 980 4050 Marullus
1001 3983 1075 4048 item
1091 3982 1176 4047 male
1198 3985 1248 4048 bie
1271 3983 1353 4049 idem

331 4091 407 4157 327.
431 4086 603 4164 Qurnoun
625 4108 737 4151 arran
760 4109 826 4150 sax
849 4110 893 4151 ur
916 4109 1016 4151 rrnar
1039 4107 1246 4150 smuuacna
1268 4109 1353 4151 sua·

246 4215 329 4258 mur
343 4240 351 4255 .
367 4189 495 4258 Nullius
517 4188 627 4256 iudicii
649 4195 697 4256 est
718 4190 769 4255 hio
783 4193 922 4277 queisque
944 4214 1000 4254 sca
1020 4188 1065 4252 ita
1080 4206 1194 4272 capere
1215 4195 1250 4253 ut
1269 4188 1355 4274 apud

245 4293 414 4361 Horatium
435 4318 492 4360 sea
513 4308 627 4381 oaorem
649 4294 759 4359 milio.
777 4299 807 4357 et
832 4290 924 4377 peius
945 4289 1160 4357 Wakefieldus
1182 4294 1356 4358 sinrolccro

246 4401 407 4487 quiaque,
423 4399 516 4463 ettam
538 4420 613 4462 aaa.
631 4394 833 4462 scribendum
856 4400 905 4460 est
920 4396 1064 4481 Quinque
1079 4396 1172 4459 etiarn
1186 4417 1266 4460 aur,
1278 4420 1353 4477 aex,

245 4506 280 4565 ut
301 4518 400 4566 versu
414 4503 475 4568 577
499 4500 564 4566 Sem
586 4501 679 4565 aram
701 4513 757 4564 aut
778 4512 912 4585 septem.
928 4497 1083 4563 Marullus
1105 4522 1217 4564 resve.

332 4605 407 4672 328.
429 4623 604 4666 sarnam.
621 4600 775 4666 Marullus
797 4622 1008 4665 urrunnun.

335 4708 409 4776 334.
453 4705 543 4771 Inna
583 4726 703 4771 narro
740 4725 886 4770 suasum
921 4725 1032 4768 snorr
1068 4726 1111 4768 nr
1149 4720 1354 4766 convnnrrr
