3509 5442
582 576 607 623 ο
800 544 831 609 Π
1326 551 1367 619 87

258 727 325 778 est:
340 719 407 777 tum
421 712 576 778 Marullus
598 714 769 780 deducere.
785 715 818 778 in
833 735 928 781 versu
948 721 1008 786 190
1022 724 1090 782 erat
1104 720 1253 785 Pondere
1266 746 1365 808 quart·

227 820 230 824 ’
258 829 324 879 tem
347 818 382 880 iro
404 841 437 881 se
460 830 504 880 eet
526 816 673 897 ,111201
706 818 770 881 Nec
792 831 895 881 tamen
918 820 993 884 haec
1016 835 1167 905 peccatura
1190 836 1234 887 eet
1255 824 1290 887 ἐπ
1311 846 1366 889 se:

259 915 338 997 quid
368 915 396 980 si
425 916 479 981 hic
503 916 595 982 tertio
621 916 791 982 variaverit
823 938 889 983 non
915 920 1013 984 verba
1044 921 1103 986 sed
1127 924 1365 1006 percussionem

257 1018 400 1100 pedum,
416 1018 564 1083 Pondere
580 1033 730 1103 quantum
753 1042 815 1081 usn
838 1023 873 1085 ia
896 1022 963 1085 su?
979 1029 1091 1104 quarto
1113 1024 1184 1089 loeo
1207 1028 1269 1091 247
1292 1022 1366 1089 libri

257 1120 409 1185 Pondere
430 1132 581 1204 quantum
603 1123 684 1186 inest
695 1169 703 1200 ,
720 1121 877 1186 Antonius
899 1124 990 1187 Marii
1014 1127 1046 1189 io
1069 1148 1108 1188 ss
1131 1140 1194 1192 eet.

346 1225 418 1289 209.
441 1222 521 1285 Non
538 1243 711 1285 canneru
734 1246 769 1285 ιιι
786 1245 903 1287 renus
926 1248 1102 1291 sranius.
1120 1227 1288 1292 Corrector
1308 1226 1364 1291 ob-

257 1324 348 1406 longi
370 1345 534 1400 causan,
554 1324 625 1387 Itali
648 1329 679 1388 et
700 1324 775 1388 olim
797 1325 943 1408 impressi
966 1351 1132 1391 ranerii.
1153 1348 1209 1394 eos
1231 1347 1363 1407 versus,

257 1445 393 1507 quorum
418 1423 508 1488 initia
534 1430 607 1490 sunt
628 1427 739 1491 Nonne
768 1427 856 1493 vides
879 1431 986 1517 lorrqos
1014 1436 1045 1494 el
1067 1433 1161 1496 Noae
1187 1432 1259 1495 hirec
1280 1454 1363 1495 nuuc

256 1529 369 1608 illinc,
386 1546 456 1590 cum
478 1525 671 1607 Vergilianis
689 1528 849 1610 componit
869 1529 1050 1597 Macrobius
1073 1532 1106 1596 in
1121 1532 1246 1597 Saturn.
1263 1553 1306 1609 vi,
1324 1534 1361 1597 1.

256 1628 300 1693 ibi
323 1627 357 1691 in
371 1626 535 1708 utriusque
550 1633 663 1708 poetae
677 1629 821 1694 versibus
836 1631 987 1714 scripturn
1010 1640 1058 1698 est
1073 1636 1216 1720 obreptio
1230 1634 1363 1699 aubrios

257 1732 367 1816 ipseo,
389 1747 460 1792 cum
481 1728 621 1793 Lucretii
647 1730 842 1812 exemplaria
868 1732 954 1796 etin
975 1733 1136 1799 Aeneidos
1159 1757 1204 1813 ιιι,
1226 1738 1284 1801 199
1306 1752 1363 1816 pa-

255 1829 444 1912 limpseston
470 1830 679 1910 Sangallense
705 1830 843 1896 habeant
868 1837 1021 1919 abrepti.
1043 1841 1180 1901 ceterum
1209 1853 1363 1917 quaeren-

255 1930 334 1994 dum
359 1936 409 1994 est
429 1936 533 1994 utrum
562 1931 604 1994 ad
631 1931 716 1996 hunc
737 1933 843 1998 locum
866 1936 1045 2018 pertineant
1066 1956 1149 2018 quae
1172 1936 1268 2000 habet
1289 1934 1362 1999 Ser-

254 2033 326 2098 vius
349 2030 393 2096 ed
406 2034 486 2099 Aen.
503 2055 533 2109 u,
545 2037 629 2114 527,
646 2035 752 2116 erce,
768 2052 801 2100 ut
815 2040 984 2102 Iarcrcte'ttc
1006 2038 1102 2118 dicit,
1118 2052 1226 2103 centes
1245 2037 1362 2101 altiora

249 2149 361 2220 peteres
377 2136 552 2200 aethereum
573 2138 677 2223 operere
699 2162 802 2203 eccum
825 2152 965 2224 torquet,
982 2142 1041 2225 qui
1049 2140 1181 2226 fractus
1196 2136 1294 2223 (duell
1316 2136 1361 2203 le-

255 2242 368 2301 cerunt
389 2238 520 2318 tractuc)
547 2239 689 2302 circitatur
714 2240 822 2303 stellas
844 2241 988 2306 cudentes
1005 2290 1013 2306 .
1033 2241 1176 2306 Isidorus
1203 2238 1361 2321 originum

254 2361 300 2415 ιιι,
325 2342 366 2404 70
393 2340 477 2403 Nam
508 2339 593 2423 quod
616 2338 758 2403 videmus
786 2341 824 2405 de
845 2343 931 2406 caele
953 2343 1061 2407 stellae
1083 2344 1180 2428 quasi
1198 2342 1282 2423 labi,
1298 2364 1361 2405 aon

254 2454 329 2506 suat
342 2440 469 2521 stellae,
485 2440 542 2505 aed
555 2441 692 2527 ipaicult‘
711 2441 749 2503 ch
765 2443 887 2507 aethere
902 2444 1006 2529 lapsi,
1023 2446 1082 2530 qee'
1090 2444 1179 2529 flunt
1193 2442 1268 2507 dum
1289 2466 1360 2507 vert·

254 2557 304 2606 tue
327 2542 445 2606 clteorc
461 2555 571 2628 petens
592 2543 767 2607 aethereum
790 2544 894 2628 {qoem
915 2569 1020 2609 secum
1041 2546 1138 2610 trehit
1148 2593 1157 2626 ‚
1180 2545 1239 2630 qui
1258 2556 1361 2608 tractu

254 2667 311 2708 cuo
333 2644 478 2706 imitatur
500 2643 607 2708 atellae
628 2643 792 2707 cedentes.

340 2746 414 2811 210.
437 2742 508 2807 Son
529 2765 643 2807 nrrau
670 2766 716 2806 nn
739 2767 900 2810 vermos
918 2796 925 2810 .
946 2746 997 2812 Ad
1020 2745 1211 2829 explendum
1232 2765 1360 2812 versum

254 2865 379 2910 sunno
401 2843 592 2909 addiderunt
611 2844 706 2928 Itali,
726 2845 835 2928 itaque
857 2848 932 2912 olim
954 2848 1120 2931 impressi:
1136 2849 1272 2913 aetherio
1293 2848 1360 2913 ua-

253 2948 376 3025 rullus;
393 2966 526 3028 quorum
547 2944 624 3009 mihi
646 2952 791 3011 neutrum
813 2948 980 3032 dispIIcet.

337 3053 412 3116 216.
436 3067 676 3111 ooouoscnnn
698 3070 864 3113 annuus.
881 3050 1082 3128 Quadratus,
1098 3050 1175 3117 item
1197 3050 1358 3131 schedae,

252 3172 272 3215 a
294 3154 475 3217 correctore
503 3147 687 3231 oblongus,
708 3152 855 3216 labentes
872 3200 880 3216 .
896 3171 990 3217 versu
1012 3156 1076 3221 265
1097 3166 1167 3218 coet
1188 3155 1261 3239 epea
1282 3172 1359 3234 qua-

252 3252 384 3330 dratus3
400 3250 559 3332 oblongus
579 3251 613 3315 in
634 3251 749 3330 litura,
766 3253 824 3316 sed
845 3254 995 3319 extremis
1016 3253 1163 3319 ductibus
1184 3253 1268 3319 ultra
1286 3252 1359 3319 litu-

251 3375 320 3418 ram
343 3352 582 3417 excurrentibus
603 3357 635 3417 et
656 3359 691 3416 ut
712 3356 845 3436 primam
867 3355 1003 3420 litteram
1025 3381 1046 3421 a
1065 3354 1164 3421 fuisse
1186 3360 1358 3439 appareat,

251 3458 342 3520 tabe
356 3459 451 3540 e'pocu
465 3452 589 3519 Nonius
610 3473 641 3536 p.
658 3459 731 3536 517,
744 3460 785 3525 26
801 3458 870 3522 obet
891 3457 943 3521 vel
957 3458 1066 3523 tabet.
1082 3463 1214 3541 uterque
1229 3456 1359 3523 Vossia-

251 3576 312 3621 nus
333 3578 382 3634 ιιι,
394 3561 456 3624 886
472 3556 581 3637 cibus,
598 3560 661 3624 902
684 3558 828 3641 dedecet,
844 3581 887 3636 ιν,
900 3564 941 3627 38
957 3560 1062 3642 oreos,
1078 3582 1109 3638 v,
1122 3564 1183 3629 778
1199 3560 1339 3627 ooat'beet
1348 3608 1358 3642 ,

253 3663 336 3728 1085
349 3658 589 3743 uerborumque,
602 3679 645 3735 V1‚
654 3663 718 3727 390
729 3661 912 3742 aberecbile,
926 3664 989 3727 974
1001 3662 1188 3739 beneaumet,
1199 3659 1359 3741 oblongus

250 3782 293 3838 rv,
308 3764 375 3828 483
396 3760 528 3842 dolebit,
547 3781 577 3838 v,
593 3763 675 3826 1413
694 3760 858 3844 scotice,
880 3762 1054 3843 quadratus
1076 3784 1118 3839 ιι,
1131 3764 1193 3829 929
1215 3761 1356 3825 nobitas.

337 3864 412 3928 218.
434 3861 673 3925 Pounesrsus
689 3882 861 3925 Prorsus
884 3884 1043 3927 rucenno
1059 3883 1230 3925 rnuroun
1246 3882 1356 3924 maun

251 3964 507 4033 lucnarrsoun
528 3984 634 4026 noers
657 3984 790 4027 srnrro
813 3986 1027 4029 nnesnnsue
1050 3985 1201 4028 rnunuu
1219 4010 1227 4026 .
1247 3961 1284 4025 In
1305 3962 1356 4028 his

249 4063 406 4130 Aventius
427 4062 602 4129 rectIssime
625 4063 712 4128 dedit
733 4087 875 4145 rnnun,
892 4066 1046 4131 Marullus
1058 4066 1170 4152 ferri.
1184 4069 1251 4129 tum
1271 4062 1356 4129 idem

249 4165 405 4230 Marullus
420 4166 584 4248 decedere,
600 4164 754 4231 Aventius
776 4193 809 4233 ee
817 4169 961 4254 pellere5
976 4186 1110 4248 quorum
1124 4165 1228 4231 neutri
1253 4169 1358 4248 potest

251 4265 385 4347 adiungi
406 4269 508 4353 spatio
521 4312 527 4326 .
542 4266 605 4332 iam
629 4266 706 4349 quid
728 4267 775 4332 rei
796 4267 966 4333 conveniat
988 4287 1027 4332 ex
1049 4269 1114 4335 illis
1134 4267 1279 4335 versibus
1301 4288 1356 4352 ap·

250 4373 360 4451 paret,
376 4372 459 4445 292,
475 4369 519 4432 Id
529 4369 619 4455 facit
641 4371 791 4455 eciqrtem
811 4371 968 4436 clinamen
977 4373 1213 4457 principiorem
1227 4372 1293 4435 Nec
1308 4396 1356 4435 re·

248 4472 342 4556 picae
374 4470 437 4534 loci
460 4484 546 4535 certe
572 4496 627 4536 uec
655 4485 789 4557 tempore
810 4485 919 4537 certo.
940 4472 1049 4553 itaque
1074 4471 1211 4556 primum
1236 4469 1288 4536 hio
1313 4470 1356 4537 ad

250 4568 388 4635 eundem
410 4569 540 4636 modum
562 4571 764 4639 scribendum
792 4578 842 4637 est
862 4573 1057 4660 lacertosque
1084 4594 1179 4637 nocr-
1192 4594 1354 4651 senr11s3

250 4677 286 4737 ut
315 4692 415 4758 supra
442 4676 502 4743 163
539 4674 772 4763 Μαίιῲίειυᾳιιε
803 4676 867 4743 loci
896 4678 1061 4764 epatisen.
1088 4694 1183 4761 porro
1212 4673 1357 4762 pondera
