3509 5442
833 549 879 615 111
1350 555 1409 621 161

300 725 393 789 nite.
411 723 458 788 ita
473 726 540 789 eius
551 721 656 807 priore
668 727 813 805 correpta
827 721 860 785 in
875 720 1017 785 Poenulo
1033 744 1075 799 1v,
1088 725 1118 797 2,
1130 727 1172 790 60
1184 770 1192 798 ,
1207 719 1241 784 in
1254 721 1410 787 Eunucho

300 849 314 904 ε,
327 829 362 904 2,
375 830 442 903 51,
462 825 496 890 in
515 825 706 891 Phormione
726 847 746 902 1,
759 827 789 901 2,
802 828 843 892 63
865 828 896 900 4,
910 828 950 900 8,
973 822 1134 905 Turpilius
1161 822 1246 905 apud
1272 825 1411 888 Nonium

300 932 479 1011 p.182,6.
498 946 564 990 non
589 927 707 991 rectius
732 925 817 990 idem
839 923 1005 990 Bentleius
1033 923 1067 987 in
1089 922 1279 988 Phormione
1293 929 1378 1004 1v,2,
1393 930 1410 993 l

300 1031 371 1095 Uti
378 1029 564 1094 Phaedriai
573 1028 744 1094 ostenderet
754 1051 765 1091 :
775 1032 934 1109 promtum
946 1031 994 1090 est
1006 1025 1143 1091 scribere
1161 1027 1226 1090 Uti
1233 1026 1413 1092 Phaedriae

300 1156 367 1197 cccc
380 1131 556 1198 ostenderet
566 1131 666 1195 nihilo
678 1131 782 1194 minus
793 1128 939 1194 Amicam
951 1154 1017 1194 6666
1029 1127 1307 1215 qucmAutipleoni
1314 1175 1323 1200 ,
1341 1147 1412 1191 cum

300 1231 375 1297 libri
395 1231 538 1297 habeant
553 1231 731 1296 Phaedriae
745 1256 778 1296 cc
794 1236 824 1294 et
839 1229 985 1294 Amicam
1001 1228 1184 1295 6666111616
1208 1229 1312 1294 minus
1332 1228 1413 1294 vitu·

300 1333 468 1417 parandus
484 1338 550 1412 est,
567 1333 654 1415 quod
667 1332 701 1396 in
716 1331 870 1415 Adelphis
885 1355 916 1410 v,
931 1336 991 1411 1,5
1006 1331 1117 1396 maluit
1131 1330 1250 1394 hiatum
1265 1331 1412 1410 tolerare,

300 1434 366 1514 ita,
383 1436 575 1519 Eaemplum
586 1434 789 1520 disciplinae.
805 1440 871 1499 tcce
883 1448 985 1499 cutem
996 1437 1047 1499 leic
1065 1434 1167 1499 udat:
1179 1432 1238 1498 sed
1248 1433 1308 1497 arti
1319 1433 1413 1498 huius

300 1540 420 1620 [1061116
443 1534 546 1616 magis
568 1535 714 1600 convenit
736 1535 839 1618 illud,
854 1537 920 1618 sis,
934 1537 1006 1602 cide
1020 1537 1210 1622 Exemplum
1225 1536 1414 1622 driscirrlinac

300 1661 432 1702 6666666.
449 1636 600 1702 maiorem
621 1637 726 1702 hiatus
742 1637 982 1704 excusationem
996 1639 1092 1704 habet
1113 1637 1148 1700 in
1167 1635 1248 1715 hoc,
1265 1636 1351 1719 quod
1366 1643 1414 1702 661

300 1739 336 1803 in
350 1737 461 1803 Plauti
479 1737 693 1803 Bacchidibus
707 1760 740 1816 11,
753 1743 783 1813 3,
797 1743 857 1816 73,
875 1740 941 1818 Qui
964 1742 1032 1804 illic
1055 1739 1201 1804 sacerdos
1223 1753 1267 1804 661
1287 1741 1415 1804 Ι)6’66166

301 1843 485 1928 Ephesiae,
501 1839 678 1906 scilicetne
693 1838 909 1922 diphthongus
923 1840 957 1904 in
971 1841 1074 1905 vocali
1089 1840 1179 1906 brevi
1194 1840 1413 1906 delitesceret.

303 1942 364 2009 sed
390 1941 556 2009 ferendum
583 1962 648 2006 non
675 1947 723 2007 est
748 1941 782 2005 in
804 1942 904 2007 Persa
918 1965 963 2024 111,
975 1948 1037 2025 3,5
1061 1944 1219 2008 Pecuniae
1244 1945 1414 2028 accioitcr,

304 2045 400 2111 acide
416 2058 509 2130 atquc
524 2045 650 2130 invide,
666 2062 769 2125 neque
784 2042 818 2107 in
828 2044 929 2110 Milite
943 2067 986 2123 rv,
998 2051 1028 2123 5,
1044 2049 1082 2112 12
1098 2045 1215 2111 Saltem
1229 2043 1267 2108 id
1274 2035 1415 2132 colapcet

305 2173 377 2213 mun
404 2171 446 2213 ccc
466 2149 580 2212 virtute
592 2148 724 2232 formae
746 2149 846 2212 evenit
867 2150 927 2212 teti
935 2172 946 2231 ,·
967 2165 1049 2229 quae
1070 2145 1116 2210 ita
1136 2145 1322 2228 refingenda
1343 2166 1414 2212 esse

305 2249 413 2331 duco,
434 2249 593 2313 Pecuniae
623 2248 715 2314 corde
745 2249 895 2333 accipiter
922 2262 1014 2334 atque
1037 2247 1152 2329 livide,
1174 2253 1206 2312 et
1231 2273 1271 2313 en
1289 2248 1419 2332 formai

305 2354 422 2417 rrirtutc
433 2398 441 2414 .
457 2367 562 2431 neque
573 2348 607 2412 in
618 2350 784 2415 Aulularia
799 2372 832 2428 11,
844 2355 875 2428 4,
889 2353 927 2417 16
929 2350 1025 2435 filiae
1036 2352 1069 2412 in
1080 2350 1202 2434 nuptiis
1213 2347 1415 2413 scribendum

307 2453 457 2538 estfltici
467 2453 521 2533 in,
538 2450 842 2539 sedfilicinaptiis,
857 2456 893 2515 ut
906 2450 940 2514 in
951 2448 1064 2515 eadem
1075 2448 1184 2513 fabula
1198 2456 1314 2528 111,6‚4
1329 2456 1361 2516 61
1370 2474 1414 2529 1v,

310 2558 358 2632 10,
371 2558 429 2632 67,
441 2551 496 2616 ubi
511 2551 585 2617 libri
595 2553 814 2640 hahentstliae
829 2555 969 2638 nuptiis.
985 2551 1059 2616 item
1076 2551 1109 2614 in
1125 2551 1414 2634 Amphitruonem,

311 2659 338 2733 1,
352 2657 408 2732 12,
421 2651 477 2717 ubi
493 2658 540 2718 est
555 2654 595 2721 se·
607 2655 645 2719 id
654 2655 846 2720 Alcumenae
857 2657 1016 2721 innocenti
1025 2665 1160 2738 conpetat,
1172 2655 1282 2716 verum
1292 2655 1417 2720 videtur

309 2757 502 2822 Alcumenae
513 2756 707 2821 innocentiae
718 2805 727 2839 ,
743 2756 935 2824 Alcumenai
943 2756 1037 2821 scribi
1049 2775 1112 2818 non
1124 2753 1221 2818 debet
1233 2803 1240 2816 .
1256 2761 1416 2839 116611661-

309 2860 358 2923 tai
368 2859 440 2939 tic,
457 2856 544 2938 quod
559 2857 722 2923 Bentleius
736 2857 855 2936 voluit,
871 2857 905 2921 in
922 2856 1043 2923 Manilii
1057 2877 1091 2934 11,
1104 2859 1165 2924 831
1181 2855 1287 2920 locum
1301 2856 1417 2937 hahet,
1506 2897 1512 2906 ·

309 2977 416 3041 neque
430 2960 514 3023 citae
528 2961 578 3024 hie
594 2975 665 3023 curn
679 2959 787 3038 hiatu,
805 2958 864 3024 sed
880 2958 1083 3024 scribendum
1099 2956 1243 3021 existimo
1260 2960 1325 3022 Hic
1340 2974 1418 3026 tenet

311 3063 481 3126 arbitrium
495 3061 609 3143 uitale,
626 3063 675 3126 liic
690 3063 802 3146 recula
816 3085 940 3126 morum
955 3074 1017 3125 661.
1035 3059 1110 3122 olim
1125 3057 1274 3142 peccavi,
1291 3079 1363 3124 cum
1384 3060 1417 3124 in

311 3160 470 3244 Propertii
495 3159 577 3237 lihro
593 3184 622 3238 u,
635 3167 665 3241 3,
676 3167 717 3230 48
741 3161 854 3246 scripsi
876 3163 993 3227 Arctoo
1020 3163 1054 3226 ic
1074 3161 1209 3246 placiem
1220 3185 1231 3243 ,·
1250 3160 1307 3224 sed
1327 3162 1420 3245 peius

312 3261 367 3345 qui
393 3260 489 3326 nimis
515 3262 676 3347 inproprie
698 3265 818 3350 Aprica
832 3265 985 3350 fricore:
1007 3283 1027 3326 a
1048 3260 1204 3344 Propertii
1229 3281 1325 3327 manu
1347 3283 1419 3330 6666

312 3370 388 3449 puto
413 3363 501 3445 quod
516 3364 792 3430 Schneidewinum
810 3371 885 3430 ante
907 3386 957 3430 me
972 3363 1143 3448 protulisse
1156 3382 1242 3428 nunc
1256 3363 1420 3448 intellego,

313 3478 490 3551 cumpater
509 3468 591 3532 altas
608 3470 749 3532 Tetricus
767 3470 802 3532 in
814 3469 949 3554 placiem
954 3467 1086 3552 fricare
1104 3469 1197 3531 nectit
1211 3492 1331 3553 aquae.
1347 3469 1419 3533 libri

313 3570 470 3656 Afrc'cue.
490 3567 634 3650 peccavit
653 3568 877 3652 Perlcampus,
896 3567 981 3650 quod
1003 3567 1037 3630 in
1051 3566 1174 3631 Horatii
1196 3569 1369 3633 carminum
1386 3594 1418 3649 11,

313 3675 355 3739 20
369 3668 496 3754 putavit
506 3669 602 3734 scribi
615 3689 711 3753 posse
723 3672 793 3735 Iam
805 3672 969 3736 Daedaleo
982 3669 1137 3734 audacior
1148 3670 1242 3733 Icaro
1254 3717 1261 3732 .
1276 3669 1322 3734 ibi
1336 3675 1421 3736 acior

314 3778 345 3837 61
366 3774 472 3836 notior
494 3769 617 3835 numeri
638 3770 757 3855 pariter
779 3771 966 3853 admittunt,
988 3768 1144 3835 sententia
1168 3768 1260 3833 unice
1282 3771 1422 3853 postulat

314 3871 540 3939 Bentleianum
567 3874 663 3937 tutior
682 3922 689 3937 .
710 3872 881 3938 Ritschelio
908 3871 1120 3937 Bacchiacum
1144 3867 1291 3933 vitiosum
1323 3871 1421 3938 invito

314 3973 499 4058 obrepsisse
519 3979 595 4057 puto
609 4024 617 4052 ,
632 3975 766 4039 Amorin
781 4000 828 4040 me
844 4001 886 4039 an
905 3978 956 4040 rei
968 3973 1099 4060 opsequi
1105 3973 1214 4056 potins
1222 3997 1291 4057 par
1313 3977 1373 4056 sit,
1388 3974 1423 4038 in

314 4076 501 4141 Trinummo
523 4074 627 4140 Plauti
642 4079 729 4143 230.
754 4073 813 4140 sed
838 4075 1036 4140 adulterum
1064 4092 1167 4155 genus
1192 4075 1422 4140 transeundum

315 4182 384 4258 est,
400 4176 434 4241 in
458 4197 520 4258 quo
535 4176 731 4260 paenultima
744 4178 891 4241 vocabuli
912 4177 1018 4241 littera
1039 4179 1087 4239 est
1100 4173 1222 4238 vocalis
1241 4174 1359 4258 longa,
1376 4178 1423 4242 ul-

315 4279 393 4345 tima
414 4283 521 4343 autem
543 4276 675 4343 brevis.
696 4276 791 4342 huius
817 4278 903 4343 modi
926 4277 1082 4344 vocabula
1111 4295 1176 4339 non
1196 4276 1292 4341 hahet
1312 4277 1423 4359 lingua

315 4381 432 4445 Latina
447 4429 455 4461 ‚
472 4379 500 4445 61
515 4379 655 4463 excipias
671 4381 741 4463 die,
759 4381 833 4464 dia,
851 4381 983 4462 extrito,
1000 4383 1034 4442 ut
1055 4382 1152 4460 puto,
1168 4376 1348 4458 digamma.
1364 4379 1423 4443 ita-

316 4502 379 4566 que
396 4481 530 4547 6666616
554 4481 666 4546 comici
680 4481 754 4560 vix,
770 4482 831 4548 nisi
854 4481 941 4565 quod
956 4481 1069 4546 Medea
1084 4484 1133 4544 est
1152 4479 1186 4542 in
1201 4479 1361 4544 Pseudulo
1376 4502 1423 4558 111,

315 4587 345 4662 2,
359 4588 423 4664 80,
440 4582 537 4649 ceteri
560 4583 638 4649 satis
660 4585 768 4649 multis
789 4583 840 4650 usi
862 4588 935 4648 sunt
956 4581 1025 4648 sine
1048 4580 1201 4660 elisione,
1217 4586 1252 4645 ut
1266 4581 1422 4661 Galatea,

316 4687 489 4774 Cytherea,
506 4687 657 4773 Pelopea,
673 4711 788 4774 cycnea
795 4736 805 4769 ,
821 4689 983 4768 cichorea,
998 4685 1137 4766 Ilionea,
1155 4683 1250 4764 Osa,
1266 4683 1422 4765 Lampia,
