3509 5442
318 501 397 595 res
849 524 895 588 1n

317 694 402 760 sario
430 693 631 760 scribendum
658 699 707 760 est
728 696 819 781 [pore
849 697 883 760 r'rr
910 697 1066 760 cahaniis
1092 696 1217 760 volucer
1242 720 1278 760 sc
1299 697 1417 760 occulit
1463 724 1468 761 z

317 823 410 879 oros,
426 817 447 860 a
468 795 583 878 quibus
605 795 638 859 in
653 795 808 879 proximis
830 811 935 862 rences
957 821 1055 861 acras
1069 797 1218 881 Aoraque
1239 795 1417 877 distinguit.
1465 826 1468 864 1

403 903 476 966 412.
500 899 540 962 In
564 919 823 968 oecononum
852 920 932 961 srss
956 920 1131 962 rnnmcrn
1157 919 1227 961 uos
1254 920 1341 961 ruer
1362 921 1418 962 ro·
1464 929 1469 967 r

318 1021 411 1063 nun.
432 1001 552 1065 Eorum
581 1019 643 1080 quo
671 997 872 1063 referendum
901 1000 942 1065 sit
969 1000 1023 1063 vix
1043 1005 1196 1083 apparet.
1212 999 1419 1065 concedamus

318 1107 424 1166 tamen
446 1120 484 1166 eo
508 1106 540 1164 et
562 1120 686 1165 omnem
710 1101 819 1165 orbem
841 1102 909 1166 sive
926 1101 1091 1166 circuitum
1109 1101 1250 1184 pupulas
1274 1107 1306 1165 et
1326 1122 1421 1184 pupu-

200 1252 203 1258 .
319 1203 382 1267 lam
405 1204 508 1287 ipsam
530 1199 683 1264 indicari.
705 1201 803 1266 nihilo
826 1202 931 1267 minus
952 1202 1033 1267 haec
1054 1202 1115 1267 sibi
1135 1207 1340 1286 repugnant:
1354 1223 1428 1282 nam-
1467 1247 1468 1250 ,

321 1303 375 1386 qui
391 1303 541 1368 cemendi
562 1308 749 1385 potestatem
773 1308 857 1368 stare
880 1302 974 1388 dicit,
991 1302 1065 1366 dum
1089 1303 1247 1367 modone
1270 1302 1422 1369 totusor·

320 1404 370 1467 bis
386 1410 622 1487 corrumpatur,
639 1405 683 1468 ita
697 1404 825 1486 quidem
848 1405 874 1469 si
889 1405 1010 1489 pupula
1024 1404 1221 1486 relinquatur
1235 1404 1329 1489 sola,
1344 1405 1422 1470 idem

321 1504 383 1568 hoc
410 1503 477 1569 sine
502 1505 644 1588 pernicie
670 1506 758 1571 visus
784 1506 853 1571 fieri
875 1513 996 1589 negat.
1020 1505 1129 1588 itaque
1155 1510 1277 1589 polita,
1300 1506 1329 1572 si
1350 1506 1423 1570 illud

323 1605 426 1689 dixit,
447 1605 508 1670 hoc
529 1606 657 1672 adicere
680 1628 743 1673 non
765 1607 891 1690 potnit.
912 1607 970 1673 sed
992 1607 1131 1690 adiecit,
1152 1605 1215 1671 nisi
1235 1605 1354 1692 fallor,
1373 1607 1424 1671 ali-

324 1706 415 1789 quis,
432 1707 486 1788 qui
500 1714 625 1791 poetam
640 1708 875 1792 reprehendere
890 1709 987 1774 vellet
1005 1759 1013 1793 ,
1035 1706 1121 1791 quod
1141 1707 1170 1772 is
1192 1708 1344 1792 exemplo
1367 1729 1425 1772 non

322 1807 400 1872 satis
422 1813 495 1891 apto
518 1828 596 1873 usus
611 1815 714 1875 esset:
730 1807 763 1872 id
778 1808 882 1892 ipsum
899 1811 983 1875 enim
1006 1809 1092 1893 quod
1113 1808 1168 1873 ille
1182 1809 1328 1892 posuerit
1342 1809 1424 1873 nullo

322 1909 417 1974 modo
440 1909 508 1975 fieri
529 1930 644 1993 posse.
661 1931 738 1993 ergo
760 1911 812 1976 hie
827 1931 939 1976 versus
961 1911 1074 1975 eodem
1089 1909 1222 1975 consilio
1243 1909 1278 1974 in
1293 1910 1427 1975 Lucretii

324 2029 451 2074 carmen
471 2010 579 2077 illatus
600 2018 666 2096 est,
684 2033 747 2096 quc
763 2011 900 2077 vidimus
925 2013 958 2076 in
979 2012 1060 2077 libro
1083 2011 1186 2096 primo
1209 2017 1284 2095 post
1303 2031 1426 2076 versum

324 2115 366 2178 43
387 2131 445 2176 sex
466 2132 578 2179 versus
600 2112 727 2178 additos
749 2134 839 2198 esse,
857 2113 979 2179 seilicet
999 2120 1034 2178 ut
1054 2119 1181 2198 poetam
1198 2132 1355 2196 peccasse
1376 2134 1426 2197 ap

324 2219 469 2296 pareret.
488 2213 550 2279 hoo
575 2234 645 2280 cum
667 2235 770 2299 paene
791 2215 1001 2281 intellexisset
1021 2214 1215 2297 Lambinus,
1238 2214 1294 2296 qui
1315 2215 1426 2279 multos

324 2333 435 2379 versus
461 2315 598 2398 optimos
620 2316 760 2402 delevit,
780 2317 865 2382 hunc
891 2317 998 2401 inepte
1023 2321 1176 2401 temptare
1209 2314 1322 2380 maluit
1355 2316 1424 2382 scri-

325 2415 431 2480 bendo
454 2416 498 2481 Id
518 2442 639 2504 quoque
661 2423 742 2486 corin
765 2423 832 2485 sior
848 2421 994 2505 pernicie
1016 2421 1124 2504 conflet
1146 2442 1272 2483 eorum.

410 2521 483 2593 415.
507 2519 711 2601 Iscouuurs
740 2542 903 2593 ouauvrs
931 2542 1086 2592 surocur
1113 2538 1345 2583 seusunrnus
1369 2543 1425 2585 os·

325 2642 402 2683 s1s.
427 2619 488 2685 Hic
512 2640 623 2688 versus
652 2643 692 2689 ex
720 2624 832 2689 eadem
858 2621 980 2686 fabrica
1005 2621 1092 2687 venit
1107 2671 1121 2706 ,.
1139 2627 1171 2686 et
1198 2619 1426 2685 constructione

325 2721 476 2786 laborans
503 2727 536 2786 et
561 2724 717 2789 vocabulo
746 2745 811 2788 non
841 2722 918 2788 satis
939 2722 1070 2805 antiquo
1092 2721 1247 2806 insignis,
1272 2741 1336 2805 quo
1359 2727 1426 2786 ante

325 2823 450 2888 Livium
484 2825 640 2890 neminem
672 2846 764 2892 usum
797 2843 869 2890 esse
902 2828 986 2888 recte
1013 2823 1192 2888 observavit
1220 2822 1369 2887 Handius
1398 2822 1428 2887 ic
1464 2826 1466 2831 '

325 2923 498 2989 Tursellini
520 2930 753 3011 temerares
772 2977 779 2991 .
801 2930 925 3011 poterat
951 2922 1069 2990 addere
1098 2924 1209 3008 poetas
1235 2944 1274 2989 eo
1300 2944 1428 3007 prorsus

325 3026 545 3113 abstinuisse,
565 3049 625 3093 neo
647 3027 784 3095 debebat
805 3026 952 3092 Lucretio
978 3025 1179 3092 adscribere:
1201 3032 1286 3091 certe
1307 3032 1429 3110 praeter

294 3186 298 3194 .
326 3127 408 3193 duos
430 3129 553 3194 Horatii
580 3131 613 3195 in
638 3131 837 3197 sermonibus
863 3148 975 3194 versus
1002 3148 1086 3193 nunc
1111 3128 1193 3194 alios
1218 3129 1326 3194 nullos
1349 3150 1429 3195 com-

328 3231 475 3315 memini,
496 3230 529 3294 in
552 3231 667 3315 quibus
690 3221 816 3318 alioqui
834 3230 984 3314 scriptum
1007 3229 1159 3311 legerim.
1180 3236 1321 3297 ceterum
1344 3233 1431 3318 arqui

317 3339 401 3401 ,ante
422 3332 549 3399 vocales
578 3331 755 3415 posuerunt
776 3332 908 3397 Plautus
930 3352 968 3396 ac
989 3332 1175 3416 Terentius,
1196 3352 1260 3397 non
1282 3333 1430 3398 Horatius

327 3436 360 3500 in
384 3454 564 3500 sermonum
578 3455 599 3517 1,
614 3437 662 3517 10,
675 3439 737 3518 31,
755 3436 866 3520 acquic
890 3449 918 3500 er
940 3433 1058 3499 Statius
1079 3433 1178 3500 Theb
1195 3439 1334 3522 v1,161,
1351 3434 1432 3522 qood

326 3543 378 3606 sio
401 3564 438 3604 eo
459 3534 606 3601 Valerius
628 3534 763 3600 Flaccus
783 3535 817 3599 in
839 3558 868 3620 V,
882 3541 964 3605 668.

414 3644 487 3707 417.
521 3659 772 3701 surusurrsus
805 3659 848 3700 nr
887 3661 1146 3703 horruimus
1171 3639 1254 3705 Olim
1286 3640 1431 3725 impressi

329 3750 360 3810 et
381 3747 454 3808 ante
476 3761 532 3806 eos
552 3739 623 3805 Itali
646 3754 674 3806 rt
693 3760 908 3803 MORTALES.
1362 3803 1364 3808 ,

414 3850 487 3913 420.
510 3845 632 3908 D1ena
655 3864 725 3906 rur
747 3863 895 3905 pensan
914 3863 1121 3906 mercurius
1137 3864 1302 3906 casurus
1324 3867 1430 3909 vrrs.

327 3951 417 4013 Haeo
443 3944 586 4026 intellegi
613 3964 677 4008 non
698 3948 856 4026 possunt:
880 3942 968 4006 nullo
994 3944 1078 4008 enim
1106 3943 1223 4009 iudicio
1248 3945 1356 4011 Faber
1381 3962 1433 4013 roa

328 4051 393 4113 orio
407 4047 630 4130 interpretatur
650 4060 697 4123 te,
714 4044 931 4110 Wakefieldus
952 4049 1091 4112 moribus
1113 4050 1176 4112 tois
1198 4073 1235 4111 ao
1250 4049 1432 4114 virtutibus.

252 4214 254 4218 .
328 4148 422 4214 nimis
443 4149 606 4229 eleganter
626 4145 797 4212 Oreechius
819 4151 950 4229 temptat
972 4162 1023 4212 roo
1045 4162 1133 4214 vare.
1149 4147 1203 4212 vix
1224 4146 1432 4215 dubitandum

328 4256 376 4315 est
398 4248 474 4331 quin
503 4253 567 4312 tam
589 4247 738 4329 antiquus
760 4255 854 4332 poeta
881 4249 932 4313 hic
954 4248 1176 4314 allitteratione
1197 4269 1275 4314 usus
1299 4250 1360 4316 sit:
1375 4273 1433 4318 nec

327 4371 401 4416 rara
422 4357 470 4415 est
490 4350 525 4414 in
545 4349 640 4415 huius
654 4352 809 4434 poematis
824 4351 1060 4434 exemplaribus
1080 4352 1204 4418 litterae
1226 4351 1323 4418 unius
1343 4375 1433 4438 prae

327 4453 503 4519 termissio.
525 4452 596 4517 dico
618 4452 715 4535 igitur
738 4453 938 4519 scribendum
964 4473 1037 4520 esse
1058 4457 1170 4542 Dipoa
1192 4469 1247 4519 roo
1268 4454 1433 4542 dr'epooere

329 4558 472 4624 carmina
493 4577 608 4620 cuns.
625 4554 786 4637 Vergilius
808 4557 863 4622 illi
881 4582 951 4622 oreo
972 4559 1116 4622 cormioo
1138 4583 1252 4623 curae.

413 4662 487 4730 421.
509 4659 562 4726 Tu
590 4680 658 4726 rac
686 4654 887 4732 urn'uncun
915 4679 986 4722 uuo
1015 4680 1220 4726 susruusas
1248 4681 1349 4726 noun
1371 4683 1432 4727 no-
