3509 5442
866 548 896 616 V
1371 554 1436 621 293

409 723 484 788 447.
529 741 691 786 sncnnro
725 739 826 785 uuon
858 741 1051 783 narrans.
1084 718 1250 786 Correotor
1285 722 1434 805 quadrati

320 845 471 905 uuonn,
492 828 524 887 et
548 823 593 887 ita
614 821 795 887 Macrobius
817 821 1053 900 Saturn.v1‚2.
1074 820 1161 906 apud
1185 822 1322 889 eundern
1344 848 1431 912 mop-

320 950 400 989 nam
422 927 543 991 coelam
565 924 621 988 ubi
641 923 676 988 in
698 922 813 988 nostris
836 930 885 988 est
907 925 1004 990 altam
1015 973 1024 1006 ,
1041 928 1072 987 et
1093 924 1239 990 Seorsum
1261 927 1353 990 item.

409 1032 482 1095 449.
506 1047 623 1090 runnu
646 1047 836 1089 conpone.
852 1024 1035 1103 Quadratus
1050 1039 1174 1091 terrae:
1190 1025 1284 1091 huius
1306 1046 1429 1094 correo·

321 1134 372 1192 tor
395 1134 427 1195 et
449 1127 547 1195 ceteri
569 1149 723 1191 runnsr.

409 1236 483 1300 455.
506 1253 527 1292 n
548 1251 703 1294 unvrnus
717 1277 724 1292 .
739 1228 835 1314 Apud
857 1227 1053 1294 Macrobium
1075 1229 1201 1293 Saturn.
1217 1234 1293 1309 vr,2
1309 1255 1348 1297 ου
1358 1281 1368 1314 ,
1388 1231 1429 1297 de

322 1352 387 1415 quo
411 1331 479 1397 dixi
501 1330 544 1396 ad
565 1331 678 1397 librum
694 1353 728 1414 11,
739 1336 801 1400 451
817 1379 824 1394 .

409 1438 483 1503 458.
506 1457 642 1501 rnruus
663 1457 706 1499 nr
730 1453 910 1497 susrun1r
932 1432 1187 1498 sunuun.1tali
1209 1455 1249 1497 sn
1264 1435 1406 1501 moralia

408 1541 481 1604 460.
505 1557 549 1600 sc
573 1559 688 1601 saura
710 1555 874 1600 v1nnnrus
891 1577 978 1588 —-
993 1539 1066 1603 463.
1089 1534 1342 1607 Exnunureun
1368 1558 1428 1602 un·

320 1660 388 1702 cus
416 1658 608 1712 urrunnu.
632 1637 723 1715 Quae
749 1636 799 1701 his
825 1636 992 1701 interiecta
1018 1641 1111 1714 sunt,
1133 1655 1173 1701 ea
1200 1656 1266 1702 rem
1294 1657 1360 1702 non
1382 1645 1428 1703 at-

319 1738 467 1822 tingunt,
487 1740 546 1806 sed
567 1738 812 1823 descriptionem
839 1738 991 1822 temporis
1021 1737 1202 1817 continent,
1223 1739 1334 1804 Aurea
1358 1765 1429 1806 cam

311 1844 460 1928 primam
479 1845 665 1929 perornantis
687 1866 758 1907 rore
773 1865 836 1927 per
857 1842 969 1905 barbas
991 1841 1153 1904 Matutino
1174 1841 1285 1904 rabant
1305 1842 1432 1909 radiati

319 1945 445 2007 lumina
472 1944 566 2008 solis.
591 1963 668 2025 ergo
695 1962 735 2007 ne
769 1941 857 2006 labet
884 1941 1010 2019 oratio,
1037 1939 1240 2006 scribendum
1273 1946 1323 2007 est
1354 1945 1429 2010 Non

319 2045 390 2109 alia
412 2045 502 2132 loapc
522 2045 643 2110 ratione
669 2070 707 2109 ac
729 2069 822 2130 saepe
843 2065 1035 2109 wnnurun
1056 2043 1236 2107 Examen
1265 2043 1353 2110 locas
1374 2070 1426 2112 nc-

318 2147 428 2210 balam
440 2147 598 2232 fluviique
615 2170 788 2232 perennes.

406 2252 480 2316 467.
504 2270 576 2312 ruu
599 2270 638 2311 su
660 2269 766 2311 nnvrs
789 2270 833 2311 sc
853 2269 1065 2312 murusrurs
1088 2270 1234 2313 nnrnnn
1250 2247 1426 2313 Ooaronn

319 2370 517 2413 concurro
534 2372 674 2414 crucum
695 2371 814 2414 nnrus
837 2370 1003 2420 uunroon
1020 2373 1194 2415 sannsrn.
1210 2349 1301 2427 Quae
1315 2367 1427 2413 secun-

316 2456 370 2515 tur
392 2450 564 2533 intellegO‚
590 2452 684 2517 avido
712 2454 876 2538 complexa
903 2466 1006 2518 cetera
1026 2456 1164 2540 saepsit:
1185 2450 1296 2517 aether
1321 2456 1426 2516 autem

318 2550 481 2634 quomodo
503 2578 535 2618 se
550 2555 705 2640 oaepsrbse
726 2552 849 2617 dicatur
870 2573 935 2616 non
957 2553 1069 2636 capio.
1085 2553 1274 2617 Plutarchus
1296 2552 1337 2617 de
1359 2552 1427 2635 pla

318 2652 392 2721 citis
417 2652 678 2738 philosophorum
697 2678 718 2734 1,
732 2660 753 2722 4
767 2675 798 2737 p.
812 2659 874 2723 878
890 2677 911 2716 n
942 2653 983 2724 de
1010 2653 1196 2738 corporibus
1224 2653 1370 2718 rotundis
1396 2659 1427 2718 et

316 2754 445 2820 levibns
464 2754 498 2819 in
519 2757 618 2821 altum
640 2756 758 2822 evectis
781 2749 827 2833 ὡς
850 2750 879 2821 δ’
904 2747 963 2823 οὖν
982 2755 1116 2835 ἐξέλιπε
1137 2754 1198 2837 μὲν
1219 2748 1240 2842 ἦ
1265 2754 1425 2843 πληκτικὴ

318 2851 463 2940 δύναμις
488 2853 755 2943 μετεωρίζουσα,
779 2851 891 2924 οὐκέτι
919 2858 957 2926 δὲ
984 2850 1062 2947 ἦγεν
1091 2852 1111 2944 ἦ
1136 2854 1244 2945 πληγὴ
1274 2855 1361 2946 πρὸς
1386 2857 1426 2925 τὸ

315 2959 501 3047 μετέωρον,
514 2955 675 3028 ἐκωλύετο
692 2959 848 3028 δὲταῦτα
864 2956 954 3027 κάτω
966 2961 1157 3050 φέρεσθαι,
1174 2957 1326 3041 ἐπιέζετο
1341 2959 1427 3050 πρὸς

317 3062 398 3143 τούς
419 3058 543 3142 τόπους
567 3061 647 3140 τούς
670 3060 873 3145 δυναμένους
896 3061 1085 3141 δέξασθαι.
1108 3062 1169 3127 hoc
1189 3061 1343 3144 ἐπιέζετο
1365 3063 1426 3128 Lu·

318 3165 439 3232 cretius
464 3165 508 3230 ita
528 3165 685 3248 expressit
711 3171 745 3229 ut
772 3164 891 3231 diceret
912 3165 1041 3230 aethera
1067 3184 1102 3231 se
1125 3183 1257 3247 corpore
1279 3170 1426 3230 concreto

318 3268 435 3335 ceteris
457 3266 670 3353 applicuisse,
687 3286 756 3331 cum
778 3286 883 3349 neque
906 3287 1031 3332 sursum
1047 3268 1130 3331 ultra
1150 3286 1256 3349 neque
1278 3264 1426 3333 deorsum

317 3371 477 3436 ferretur.
499 3369 573 3435 huic
598 3367 645 3434 rei
666 3368 864 3453 aptissimum
892 3372 941 3434 est
965 3393 998 3434 oc
1027 3371 1145 3435 circam
1168 3369 1262 3436 claras
1286 3368 1427 3456 audebas

317 3493 454 3537 runxm
467 3522 475 3550 ‚
490 3470 588 3555 idque
611 3477 738 3555 poetam
759 3469 889 3536 dedisse
912 3469 1079 3536 existimo.

405 3577 480 3642 472.
503 3574 617 3638 Inrnn
640 3595 831 3644 urnnsouu
851 3577 1075 3641 cuon1.476.
1098 3595 1208 3637 nunna
1231 3595 1425 3646 urnnsoun

317 3700 380 3743 rna
407 3691 518 3741 suun.
540 3676 578 3740 In
603 3675 709 3760 priore
736 3694 832 3740 versu
857 3675 1034 3758 Marullus,
1061 3674 1096 3739 in
1121 3676 1223 3741 altero
1250 3675 1426 3741 Lambinus

317 3779 446 3864 scripsit
467 3781 548 3845 irater
563 3793 729 3864 atrosque,
745 3775 833 3859 quod
854 3775 992 3841 deb‘ebat
1007 3781 1093 3841 certe
1116 3795 1188 3841 esse
1210 3779 1292 3842 sister
1306 3790 1424 3842 atram-

318 3907 399 3970 ουτ.
416 3880 474 3946 sed
496 3899 787 3950 lurnnurnsoun
808 3877 982 3959 legendum
1007 3894 1080 3941 esse
1103 3875 1169 3941 dixi
1191 3875 1234 3942 ad
1254 3876 1370 3941 librum
1390 3898 1424 3960 11,

317 3988 402 4054 518.
420 3986 558 4048 ceterum
580 3981 631 4047 bic
653 3977 892 4062 Havercampus
914 3977 1052 4042 mirabili
1073 3978 1240 4044 mendacio
1255 3977 1426 4043 Wakefiel-

318 4083 394 4150 dum
417 4082 562 4166 decepit:
577 4103 681 4165 neque
704 4080 788 4146 enim
807 4100 919 4145 verum
942 4080 1043 4145 estin
1066 4078 1176 4146 codiee
1190 4079 1330 4163 oblongo
1352 4084 1427 4164 post

316 4200 426 4253 cecata
445 4183 480 4248 in
500 4184 564 4249 fine
584 4203 696 4250 versus
710 4187 772 4251 471
796 4181 939 4248 additum
961 4202 1032 4247 esse
1056 4197 1103 4248 et.
1120 4183 1179 4248 sed
1200 4181 1234 4247 in
1256 4202 1351 4248 versu
1360 4187 1426 4250 474

307 4291 449 4376 fuerant
475 4286 593 4351 habent
619 4284 793 4363 Vossiani,
820 4284 978 4350 Antonius
1004 4285 1122 4365 Marii,
1150 4285 1225 4351 olim
1255 4283 1424 4370 impressi,

316 4388 473 4456 Marullus
485 4389 629 4474 :fuerint
651 4385 805 4458 Avantius
827 4384 927 4452 edidit
947 4386 1089 4471 primus.

404 4494 477 4559 481.
501 4512 620 4554 runos
643 4510 833 4554 crunnus.
857 4487 1040 4565 Quadratus
1062 4492 1181 4578 plapoc
1206 4490 1333 4558 cerata.
1355 4506 1424 4552 cor·

317 4598 423 4660 rector
445 4592 576 4675 oblongi
597 4614 737 4655 rusae.
766 4616 769 4622 ¹

404 4696 479 4764 482.
523 4715 565 4758 nn
595 4714 728 4763 ssusos
761 4712 955 4761 onnunrn.
990 4692 1156 4780 Oblongus
1191 4692 1294 4781 prima
1328 4707 1425 4756 manu
