3509 5442
873 553 899 616 l·
1394 563 1437 629 55

324 725 413 789 orsus
426 738 534 789 trusus
538 774 547 806 7
559 723 604 787 ita
615 749 721 801 casus,
735 749 805 790 esus
817 728 848 789 et
859 739 1023 808 comestus,
1036 741 1146 791 tonsus
1158 733 1189 792 et
1200 743 1301 812 tosus,
1315 744 1435 810 terreus,

323 851 447 911 pansus
460 831 618 912 etpossus
629 825 805 911 desponsae,
820 840 925 890 tensus
936 831 968 892 et
979 842 1092 906 tentus,
1097 855 1217 914 perteus
1228 834 1436 917 aecensusfls·

325 953 379 991 sus
397 930 517 992 scissos
524 930 640 1014 fosmm
656 952 776 992 eoseum
792 953 886 991 arsos
902 954 993 994 orsus
1010 955 1133 994 morsos
1142 957 1152 1013 7·
1163 952 1258 1014 porro
1274 953 1294 996 a
1308 932 1436 1014 figendo

316 1032 416 1116 fletus
428 1035 460 1094 et
460 1032 555 1115 fimus
561 1080 570 1112 7
573 1031 698 1115 frictus
709 1034 742 1094 et
742 1031 862 1115 frr‘oeus
871 1079 880 1111 7
883 1032 994 1113 flr‘etus
1007 1033 1108 1096 lectos
1119 1047 1224 1098 suctos
1230 1084 1239 1116 7
1251 1038 1283 1099 ei
1294 1034 1437 1100 similiter

325 1153 344 1195 a
355 1131 508 1215 fingendo
514 1134 613 1219 fietus
622 1133 728 1217 protus
743 1133 870 1196 strictus
882 1134 995 1196 tinctos
1007 1135 1120 1198 linctus
1131 1137 1303 1220 pelleretur
1318 1139 1437 1202 er‘rrotuo

325 1249 438 1300 unctus
450 1247 609 1301 emunctae
615 1233 753 1318 functus
764 1235 890 1297 innotus
901 1247 1037 1318 punctos
1046 1236 1194 1319 planetus
1207 1251 1320 1322 paetus
1336 1251 1436 1302 taetus

325 1362 458 1422 sparsos
473 1361 595 1401 mersus
606 1335 749 1399 indultus
764 1335 865 1398 olsr'os
877 1350 966 1399 aetus
981 1337 1077 1401 lectus
1089 1352 1185 1404 tectus
1199 1352 1317 1404 rectus.
1331 1337 1435 1403 minus

326 1443 413 1504 oerta
435 1443 510 1503 sunt
533 1457 615 1520 quae
637 1435 678 1502 de
692 1435 840 1500 tenuibus
862 1436 1008 1501 modam.
1025 1444 1099 1504 ante
1115 1466 1131 1504 o
1146 1441 1276 1522 longam
1291 1441 1435 1505 vocalem

324 1541 464 1606 breviari
477 1544 616 1617 eonstat7
630 1537 774 1621 quamvis
786 1537 928 1620 perfecta
943 1538 1160 1621 producantur
1174 1544 1289 1625 (detott
1301 1543 1434 1626 doerit),

325 1645 429 1709 dictus
445 1643 556 1707 duetus
571 1645 669 1723 ictos7
681 1626 785 1721 noque
800 1638 898 1704 dubia
919 1647 994 1705 sunt
1009 1645 1232 1729 iaetusfaotus
1247 1644 1355 1708 doctos
1370 1667 1434 1708 ooo-

325 1760 374 1810 tus
389 1758 492 1810 sectus
508 1757 630 1810 enectus
642 1743 773 1806 intectus
786 1756 930 1827 aspectus
945 1747 1045 1808 victos
1056 1748 1179 1809 vinetus
1190 1759 1317 1810 sanctus
1329 1758 1435 1808 sortus

316 1871 457 1933 parsum
467 1846 578 1931 fultus
598 1845 705 1909 ultus:
721 1842 778 1907 sed
800 1856 925 1928 reptare
946 1844 1126 1909 utromodo
1149 1845 1213 1909 dici
1228 1845 1343 1909 debeat
1364 1865 1436 1910 nes·

324 1947 373 2012 oio
385 1997 394 2029 7
411 1947 523 2012 brevia
538 1952 610 2010 sunt
625 1960 735 2031 eaptus
746 1958 858 2030 raptos
869 1959 983 2030 ruptus
993 1949 1134 2032 scalptos
1146 1961 1275 2033 carptus
1286 1961 1434 2032 surptus:

321 2048 463 2130 denique
485 2052 600 2113 messes
620 2053 651 2110 et
665 2071 775 2112 seusus
790 2046 895 2110 vooali
910 2047 1065 2130 producta
1081 2049 1272 2126 efferuntur,
1290 2053 1451 2131 correptae

322 2176 461 2236 quassos
470 2150 824 2236 possessaseusfeosus
835 2174 955 2213 messus
966 2152 1185 2235 versusfleoeus
1197 2176 1298 2216 tremos
1308 2176 1413 2236 pomus
1426 2200 1433 2214 .

320 2251 377 2314 ubi
401 2251 552 2333 aspiratio
576 2257 624 2316 est
644 2250 677 2314 in
699 2249 859 2333 praesenti
871 2300 880 2332 7
896 2270 916 2312 a
931 2251 1076 2315 vehendo
1099 2272 1170 2315 esse
1191 2267 1308 2317 vectem
1331 2252 1435 2316 vooali

322 2359 473 2435 eorrepta
495 2354 612 2419 seimus
625 2376 633 2432 ;
649 2352 733 2416 unde
756 2365 890 2416 tractum
913 2351 1025 2416 eodem
1040 2351 1135 2416 modo
1151 2351 1320 2417 (licendum
1335 2360 1433 2437 puto:

321 2454 382 2520 sed
405 2475 531 2520 rursum
553 2455 586 2518 in
609 2453 699 2537 puris
718 2453 870 2518 doeemur
885 2468 1033 2518 structum
1056 2453 1174 2519 habere
1197 2482 1217 2519 o
1232 2462 1433 2539 perrectum,

322 2557 376 2622 oui
400 2555 561 2622 simillima
583 2562 676 2634 sunt,
693 2555 755 2619 nisi
774 2554 869 2619 fallor
881 2557 1028 2640 ‚fructos
1049 2562 1080 2620 et
1090 2558 1206 2640 flemus
1225 2577 1295 2621 enm
1308 2560 1432 2641 fluctu.

320 2664 490 2741 praeterea
504 2665 578 2724 sunt
596 2658 740 2724 indutum
755 2659 904 2721 tributum
920 2659 1036 2722 elotum
1052 2659 1184 2722 lustrum
1204 2658 1317 2722 eadem
1333 2679 1433 2738 quan-

320 2759 431 2837 ritate,
449 2779 639 2842 quamquam
654 2759 804 2824 differunt
813 2773 917 2823 ratum
928 2763 1005 2824 itum
1021 2763 1116 2825 eitum
1130 2774 1254 2824 rutum.
1271 2765 1431 2842 postremo

320 2882 343 2925 a
364 2861 500 2926 vivendo
522 2865 622 2927 or'etos
644 2868 676 2928 et
697 2881 717 2924 a
739 2859 916 2925 conivendo
939 2865 1058 2926 or‘etare
1069 2913 1077 2944 7
1094 2867 1128 2925 ut
1150 2861 1268 2925 habent
1282 2886 1303 2924 o
1319 2880 1432 2926 oonso·

321 2969 455 3028 nantem
476 2983 497 3026 a
516 2991 538 3050 9
562 2984 627 3028 non
649 2965 807 3041 alienam,
823 2962 899 3026 mihi
920 2963 1067 3028 videntur
1082 2968 1097 3028 t
1107 2964 1207 3044 longa
1228 2962 1433 3046 pronuntiata

320 3084 396 3130 esse
410 3113 417 3128 .
433 3065 512 3131 haee
534 3069 627 3150 quasi
648 3064 772 3132 inutilia
794 3064 1018 3146 grammaticos
1040 3070 1166 3130 nostros
1189 3085 1254 3128 non
1276 3063 1432 3144 attingere

318 3166 436 3245 video,
453 3188 556 3250 neque
579 3189 636 3235 eos
667 3168 721 3251 qui
743 3166 851 3251 pueris
873 3166 1000 3232 libellos
1031 3166 1192 3243 scribunt,
1208 3185 1313 3248 neque
1336 3166 1430 3247 quie

319 3268 439 3334 libellis
461 3271 607 3354 sapiunt.
624 3290 774 3352 magnam
795 3275 903 3333 tamen
924 3290 1034 3335 eorum
1057 3275 1180 3353 partem
1196 3267 1341 3351 exposuit
1357 3267 1431 3332 Gel-

319 3371 383 3435 lius
407 3371 442 3434 in
462 3373 638 3440 Attiearum
660 3373 857 3450 noetium1x7
874 3378 894 3440 6
910 3377 1065 3450 etx11733
1081 3370 1136 3435 ubi
1150 3376 1336 3436 enumerata
1357 3376 1431 3435 sunt

318 3473 416 3538 haee.
430 3500 489 3559 apo
501 3490 589 3540 octus
598 3480 701 3558 actito,
713 3500 796 3562 tropo
808 3489 919 3540 unetos
931 3477 1056 3556 repetito,
1069 3476 1170 3538 scribo
1183 3476 1319 3558 scriptus
1330 3476 1430 3559 serip-

320 3578 375 3639 tr'to
389 3625 398 3652 7
413 3600 517 3642 moveo
532 3593 632 3643 motus
647 3581 751 3643 metito
763 3627 770 3657 7
781 3577 885 3664 pendo
896 3601 1016 3662 peresus
1028 3579 1151 3661 perreito
1156 3626 1165 3658 7
1178 3576 1235 3640 edo
1251 3601 1321 3640 eoos
1337 3579 1412 3641 esito
1419 3602 1430 3658 7·

318 3678 513 3745 contradico
526 3680 628 3745 dictus
641 3681 747 3745 dretito
752 3729 760 3762 7
771 3702 847 3765 pero
857 3691 963 3764 pestus
972 3681 1096 3765 porteto,
1109 3680 1182 3742 veho
1195 3692 1298 3742 vectus
1309 3679 1416 3741 veetrto
1421 3725 1429 3756 7

318 3783 413 3866 rapio
425 3795 537 3867 raptus
555 3785 686 3868 reptile,
700 3784 791 3867 capio
809 3793 919 3864 eaptus
931 3782 1047 3865 eaptito
1057 3829 1066 3861 7
1074 3781 1169 3865 facio
1174 3780 1288 3863 faetus
1293 3778 1429 3859 factito:

317 3883 396 3946 item
410 3885 492 3948 orout
506 3909 527 3948 o
543 3885 672 3970 liqoodo
688 3886 798 3964 lictor,
815 3896 842 3946 et
858 3906 879 3945 a
891 3881 1019 3968 lepeodo
1036 3883 1130 3945 lector
1146 3894 1174 3944 et
1188 3905 1209 3943 o
1219 3879 1331 3943 vieodo
1346 3881 1429 3943 nitor

319 3999 346 4049 et
361 4010 384 4048 a
399 3984 513 4050 tuendo
529 3999 611 4050 tutor
626 4000 654 4051 et
668 4011 689 4050 a
699 3985 846 4050 struendo
859 3997 994 4048 structor
1002 3982 1171 4068 productis
1186 4006 1266 4066 quae
1278 3983 1427 4067 corripie-

316 4093 433 4154 bantur
448 4089 608 4152 vocalibus
633 4088 718 4152 strete
738 4101 811 4152 suot
823 4134 830 4148 .
843 4082 1021 4168 Porphyrio
1044 4082 1086 4147 ad
1101 4082 1224 4179 Horatii
1247 4103 1428 4148 sermonum

318 4215 337 4269 1,
351 4202 382 4268 li,
398 4192 459 4255 122
470 4190 564 4253 Lecto
573 4189 734 4275 producto
745 4190 869 4275 syllaba
877 4189 1088 4272 pronuntiare
1100 4187 1242 4252 debemus
1250 4236 1259 4268 7
1272 4186 1428 4270 qrtr'afre·

318 4292 533 4378 querttatr‘oum
549 4305 593 4355 est
613 4293 651 4356 ab
674 4317 707 4357 eo
723 4292 808 4376 quod
822 4305 866 4355 oet
882 4291 971 4375 le907·
986 4308 1051 4352 11011
1074 4288 1160 4370 quod
1182 4289 1243 4352 hoo
1265 4285 1428 4370 proprium

320 4397 403 4459 esset
418 4391 641 4474 frequentativi
657 4392 755 4478 (valet
777 4393 860 4458 enim
884 4412 949 4456 non
971 4391 1076 4456 minus
1098 4389 1138 4454 de
1161 4389 1353 4473 participio),
1370 4387 1427 4453 sed

320 4493 405 4576 quod
433 4494 606 4559 verendum
635 4501 703 4561 erat
725 4493 838 4576 nequis
860 4495 971 4560 tectum
993 4492 1053 4580 τὴν
1074 4489 1184 4578 κλίνην
1206 4491 1426 4574 interpretare-

319 4602 387 4675 tur,
404 4596 438 4660 in
462 4618 524 4681 quo
541 4625 557 4663 e
572 4596 757 4680 corripitur.
780 4594 837 4660 sed
859 4581 1001 4660 nondum
1027 4616 1178 4679 possum,
1195 4593 1339 4676 quamvis
1361 4589 1426 4655 vel-

319 4698 381 4764 lem
402 4719 519 4786 posse,
535 4683 692 4767 dimittere
713 4696 972 4784 grammaticam:
988 4703 1086 4765 restet
1107 4697 1190 4766 enim
1210 4692 1425 4780 quaerendum
