3509 5442
856 571 900 636 v1
1368 577 1433 643 423

320 740 410 802 Huic
439 741 566 825 aliquid
586 740 705 826 populo
733 753 876 804 iratorum
892 763 988 824 posse
1010 763 1167 803 meorum.
1190 738 1233 803 ad
1255 745 1431 806 extremum

321 840 484 921 quomodo
505 840 553 904 illi
574 839 684 924 optimi
700 837 847 904 homines
863 854 1015 905 certantes
1030 841 1160 905 'redonat
1172 841 1187 902 2
1201 841 1256 922 qui
1272 840 1432 907 debebant

320 942 458 1024 primum
481 942 587 1024 exire,
609 940 725 1005 deinde
749 947 890 1025 certare,
915 940 1053 1023 denique
1076 941 1247 1006 certamine
1269 939 1357 1006 finito
1380 962 1431 1008 re-

321 1040 412 1108 dire.
436 1041 515 1107 haec
542 1043 648 1107 omnia
674 1062 770 1124 quam
797 1040 938 1106 absurda
963 1049 1071 1107 essent
1096 1042 1202 1106 nullus
1223 1041 1430 1125 interpretum

320 1142 420 1208 vidit:
443 1164 526 1209 unus
550 1145 709 1209 minimam
732 1148 853 1226 partem
875 1143 1040 1226 perspexit
1055 1142 1214 1225 Tanaquil
1228 1144 1352 1223 Faber,
1376 1145 1430 1230 qui

321 1245 458 1309 correxit
483 1248 584 1331 Imque
613 1247 688 1309 aliis
715 1245 819 1308 alins.
848 1243 941 1308 nobis
968 1250 1095 1321 autem,
1123 1244 1152 1308 si
1177 1263 1305 1309 versum
1331 1247 1429 1330 paulo

320 1353 395 1410 ante
418 1347 591 1428 sepositum
615 1346 675 1410 bue
697 1344 972 1424 revocaverimus,
993 1344 1101 1410 licebit
1120 1346 1267 1411 Lucretio
1289 1347 1430 1413 carmina

312 1460 381 1513 'sua
397 1453 428 1511 et
441 1445 625 1513 dulcissima
640 1446 773 1513 reddere
789 1446 848 1511 hoc
863 1445 979 1510 modo.
996 1448 1183 1511 Imeomitom
1199 1451 1276 1533 rapi
1292 1471 1429 1512 annun·

320 1570 413 1611 00110
419 1551 545 1634 funera
557 1564 645 1614 vasto
652 1601 661 1633 ,
674 1551 774 1636 Imque
787 1550 862 1613 aliis
874 1549 975 1612 aliam
982 1548 1140 1635 populum
1154 1550 1287 1634 sepelire
1301 1575 1427 1616 suorum

321 1651 503 1716 Certaates:
527 1652 669 1716 lacrimis
693 1652 775 1715 10001
794 1652 940 1735 laetaque
962 1648 1126 1713 redibant.
1148 1649 1268 1715 seilicet
1283 1651 1369 1714 omni
1383 1651 1429 1716 la-

318 1752 398 1816 bore
415 1752 521 1829 obito,
538 1739 628 1817 cuius
644 1757 786 1815 extrema
806 1771 880 1834 pars
903 1754 971 1815 erat
993 1770 1069 1813 cura
1090 1748 1229 1830 funeris,
1245 1750 1430 1817 foedissima
1531 1775 1533 1780 ·

320 1873 467 1936 quaeque
482 1853 550 1917 fieri
565 1851 735 1930 videbant,
751 1850 863 1917 funera
882 1852 1024 1917 obscena
1037 1851 1108 1917 sine
1124 1853 1273 1917 comitatu
1288 1852 1428 1936 proripi,

318 1955 417 2037 inque
440 1955 511 2020 aliis
533 1953 698 2019 funeribus
721 1954 817 2017 alium
840 1973 917 2019 suos
939 1953 1082 2019 certatim
1107 1954 1263 2038 sepelire:
1279 1954 1329 2019 his
1351 1954 1428 2019 visis

319 2057 407 2121 luctu
428 2063 460 2122 et
480 2056 619 2121 lacrimis
641 2054 765 2139 fatigati
787 2053 953 2119 redibant.

409 2163 501 2226 1249.
517 2180 714 2220 muncrum.
731 2155 888 2221 Antonius
899 2156 990 2219 Marii
1003 2159 1035 2221 ia
1049 2158 1142 2222 letum
1154 2158 1327 2241 dabantur,
1342 2155 1428 2239 quod

320 2259 461 2325 debebat
482 2278 553 2325 esse
576 2264 632 2323 aut
653 2260 698 2324 ad
716 2261 810 2324 letam
824 2260 927 2322 autin
943 2258 1078 2324 Oreum.
1094 2258 1249 2325 Marullus
1263 2258 1377 2323 Latine
1392 2280 1428 2320 ru

318 2382 490 2425 oncrum.
1008 2436 1010 2439 Ι
1439 2385 1442 2389 ’

410 2467 501 2531 1250.
526 2485 624 2535 Quam
646 2483 768 2534 unoun
791 2483 936 2525 nonno.
959 2459 1030 2523 Itali
1052 2483 1219 2527 uoasus.

410 2569 502 2634 1251.
525 2587 695 2629 rannone
719 2585 821 2626 rsnr.
846 2561 900 2626 Sic
922 2560 1100 2642 oblongus,
1123 2563 1259 2628 ilittera
1279 2563 1313 2627 in
1334 2563 1429 2627 litura

319 2666 439 2749 scripta
460 2687 480 2731 a
495 2673 690 2734 correctore.
708 2664 882 2748 quadratus
904 2663 998 2745 10100,
1014 2687 1034 2726 0
1050 2675 1145 2746 super
1158 2664 1264 2747 priore
1280 2690 1295 2730 0
1310 2664 1428 2748 scripta

319 2776 351 2833 et
365 2793 382 2833 c
398 2767 503 2834 deleta
525 2768 627 2852 prima
647 2788 765 2832 manu.
781 2765 984 2851 perspicuum
1006 2770 1055 2829 est
1074 2763 1108 2826 in
1130 2764 1303 2849 archetypo
1325 2763 1427 2831 fuisse

320 2891 449 2949 rnnnr,
473 2876 508 2934 ut
529 2891 627 2953 supra
651 2876 731 2938 1143
755 2871 858 2934 emaci
867 2916 874 2930 .

411 2975 501 3041 1256.
530 2972 716 3036 Exnurmrs
744 2991 876 3033 rusam
906 2990 1040 3032 suana.
1069 2968 1122 3032 Sic
1148 2968 1327 3052 oblongus:
1350 2987 1428 3052 qua

320 3073 431 3140 dratus
454 3075 611 3140 anoemi
619 3124 628 3157 ,
652 3073 742 3138 ouius
765 3076 923 3136 corrector
945 3069 1020 3135 fecit
1035 3073 1137 3157 paeri
1146 3117 1153 3133 .

411 3179 502 3246 1260.
526 3197 715 3239 bassanus
739 3194 839 3244 onan
863 3193 1046 3235 connum
1068 3192 1335 3236 naaraoasanm
1358 3171 1428 3237 Oo-

321 3301 383 3343 rm
406 3299 637 3342 convnnrnns
658 3299 705 3340 nx
728 3296 1152 3341 onnruonnrnnrnnrn.
1169 3273 1429 3355 0000010101ιο-

320 3380 423 3459 drati,
438 3380 529 3458 Itali,
546 3380 676 3446 codices
691 3378 859 3462 impressi,
874 3399 1060 3442 0000101.
1077 3375 1139 3440 hoc
1161 3381 1195 3439 ut
1217 3380 1337 3440 certum
1360 3379 1427 3457 est,

319 3487 366 3552 ita
388 3484 563 3550 orationem
584 3482 690 3564 inepte
707 3485 837 3557 onerat,
855 3482 1009 3567 lampacem
1031 3481 1123 3563 copia
1145 3481 1329 3544 0000001000
1347 3502 1428 3542 mor-

320 3588 416 3653 bido.
434 3604 510 3669 ergo
527 3581 613 3666 quod
627 3582 677 3647 his
691 3587 855 3666 superest,
873 3583 1027 3666 dampnans
1037 3630 1047 3663 ,
1063 3580 1091 3644 si
1113 3579 1183 3645 fieri
1204 3580 1339 3663 poterit,
1357 3598 1429 3643 oum

320 3687 540 3771 superioribus
574 3683 829 3765 coniungemus,
860 3682 976 3764 quibus
1009 3682 1101 3746 deest
1131 3681 1332 3757 subiectum,
1362 3681 1428 3744 Nec

319 3792 484 3856 me'ao'mam
503 3802 626 3874 partem
650 3812 689 3853 00
704 3789 792 3872 apris
807 3787 960 3849 moeroris
976 3784 1122 3868 (meroris
1138 3780 1310 3865 oblongus)
1326 3785 1428 3845 1000-

321 3895 388 3957 bom
405 3891 580 3976 Coafloait.
603 3887 686 3952 adde
708 3887 759 3952 his
779 3908 914 3950 nuans:
937 3885 1062 3967 utrique
1084 3883 1225 3948 membro
1250 3881 1429 3947 consultum

320 3993 400 4058 erit.
417 3998 450 4055 at
468 3992 526 4056 viri
548 3991 634 4055 docti
655 3990 689 4054 in
711 3991 816 4073 priore
831 3987 998 4053 haerentes
1013 3985 1102 4051 varia
1117 4005 1181 4050 non
1196 3983 1315 4067 optime
1329 3988 1429 4066 temp-

320 4100 445 4159 tarunt.
473 4093 631 4176 Hauptius
656 4092 690 4157 in
719 4090 992 4158 observationibus
1020 4110 1050 4172 p.
1065 4094 1107 4156 45
1134 4087 1179 4151 110
1206 4087 1430 4170 interpretatur

322 4195 416 4279 quasi
437 4196 588 4278 seriptum
611 4193 651 4258 sit
665 4197 731 4259 Nau
747 4195 875 4258 meiu’me‘
892 4194 1046 4257 macroris
1066 4193 1186 4276 partim
1201 4215 1240 4255 00
1255 4191 1429 4274 09010000-

311 4301 433 4386 fluant,
456 4316 556 4380 prope
584 4302 619 4360 ut
639 4295 835 4379 Lambinus,
860 4293 915 4375 qui
937 4291 1096 4357 scribebat
1117 4294 1184 4357 Nec
1204 4293 1367 4356 minimam
1390 4315 1430 4356 00

322 4403 413 4488 apris
441 4401 594 4466 maeroris
616 4400 740 4485 partim
765 4399 934 4484 corytuaz't,
956 4400 992 4459 ut
1018 4420 1072 4461 000
1098 4396 1262 4460 minimum
1289 4397 1376 4458 esset
1401 4404 1430 4455 ct

320 4502 435 4584 calda,
458 4499 499 4565 de
521 4519 583 4582 quo
606 4519 666 4565 usu
681 4499 827 4564 Handius
850 4499 916 4581 egit
937 4497 970 4562 in
984 4497 1156 4562 Tursellini
1170 4502 1255 4560 tomo
1271 4516 1308 4556 111
1323 4513 1353 4575 p.
1366 4497 1444 4578 615

321 4624 353 4667 n.
365 4607 407 4670 4.
436 4601 495 4667 sed
522 4621 582 4685 ego
603 4627 782 4667 maerorum
800 4605 921 4688 partim
942 4598 1115 4680 intellege,
1130 4598 1255 4685 partim
1276 4596 1430 4660 macroris

321 4705 436 4771 Latine
452 4703 514 4770 dici
528 4723 593 4768 non
609 4702 703 4768 oredo
717 4751 724 4767 .
740 4703 803 4769 alio
824 4701 920 4767 modo
940 4700 1026 4766 idem
1040 4699 1215 4766 Lambinus
1236 4720 1358 4763 moeros
1380 4699 1409 4761 is
1418 4744 1428 4781 ,
