3509 5442
866 556 895 624 V
1368 565 1433 632 343

318 725 559 811 interpretaur)
583 727 777 809 coniungere
799 732 830 791 et
851 726 902 793 bis
919 728 1012 794 binos
1029 729 1139 794 currus
1162 728 1211 814 (id
1233 736 1282 795 est
1303 731 1431 813 quadri·

319 828 439 913 iugos,
459 829 575 914 inquit)
606 830 820 914 coniungere:
837 850 947 896 currus
976 836 1082 895 autem
1112 830 1272 911 quomodo
1301 832 1427 897 coniun-

318 936 418 1012 gatur
440 949 505 994 non
526 929 639 995 docet.
654 956 781 997 carrum
803 935 943 998 iunctum
965 953 1030 998 nen
1051 933 1165 1015 ignoro
1178 932 1320 1017 ,seilicet
1341 937 1430 1020 equis

318 1035 484 1110 iunctam,
501 1037 533 1098 et
554 1031 620 1096 seio
643 1035 876 1118 tiqreocarruc'
900 1036 1087 1121 subiuupere
1108 1033 1259 1117 Daphnin
1273 1034 1430 1116 Vergilia-

317 1153 397 1198 num
416 1133 611 1212 instituisse,
627 1153 730 1214 neque
745 1132 890 1199 Handius
909 1134 951 1200 ad
973 1135 1129 1199 dieniben
1149 1135 1302 1200 Gronovii
1321 1157 1375 1220 rp·
1388 1141 1429 1206 98

318 1235 469 1302 dubitare
488 1234 600 1302 debuit
620 1234 697 1317 quin
717 1235 867 1301 Manilius
888 1237 922 1301 in
944 1259 986 1321 rv,
1003 1242 1064 1305 231
1090 1236 1204 1302 eodem
1226 1236 1352 1303 dicendi
1374 1258 1430 1320 ge-

318 1357 399 1404 nere
423 1358 500 1404 usus
523 1337 583 1403 sit:
600 1337 658 1402 sed
679 1337 919 1425 ‘conabopootor
941 1339 1004 1404 duo
1028 1338 1167 1421 currus’,
1192 1344 1226 1402 ut
1246 1344 1332 1405 recte
1354 1338 1430 1404 dicit

318 1439 468 1524 Scaliger
500 1439 542 1504 ad
569 1458 695 1504 versum
721 1439 843 1504 Manilii
869 1459 901 1522 p.
920 1446 981 1510 291
1002 1489 1009 1504 .
1029 1439 1205 1521 Forbigero
1241 1446 1348 1505 tamen
1373 1441 1431 1506 illa

319 1541 468 1622 quamvis
489 1540 632 1607 absurda
651 1540 796 1606 videntur
816 1547 904 1607 recta
920 1591 927 1604 .
942 1540 1147 1607 Eichstadius
1166 1543 1200 1606 in
1220 1541 1327 1607 indice
1349 1543 1430 1607 bito-

314 1669 395 1729 gom
419 1648 514 1730 prior
542 1658 608 1726 est,
631 1650 708 1727 puto
744 1649 856 1707 neutro
887 1661 1031 1724 genere.
1052 1642 1227 1708 rectissime
1256 1644 1360 1708 Faber
1386 1645 1429 1708 Et

317 1767 493 1810 euneos.

408 1852 501 1917 1301.
523 1869 705 1912 nausson
726 1867 941 1909 ascunounn
957 1836 1118 1910 cunnus.
1135 1844 1189 1909 Sic
1203 1850 1334 1928 uterque
1349 1847 1430 1912 Ves-

318 1951 451 2029 sianus,
468 1951 525 2015 sed
547 1956 742 2016 correctores
764 1947 908 2014 lecerunt
925 1949 1112 2014 ascendere:
1127 1965 1231 2028 neque
1252 1947 1335 2011 fallit
1348 1947 1430 2012 Gro-

317 2046 435 2117 novius
458 2050 499 2116 ad
520 2052 644 2118 Livium
666 2074 700 2131 11,
712 2055 774 2132 28,
791 2056 826 2114 ut
846 2048 971 2114 videtur
992 2049 1211 2128 Wakefieldo,
1228 2047 1287 2114 sed
1309 2050 1429 2113 Hauer-

318 2173 472 2237 campus.
490 2159 574 2219 errat
595 2159 702 2218 tamen
725 2152 925 2230 Gronovius,
941 2170 1012 2215 cum
1034 2169 1074 2216 ex
1095 2151 1253 2216 Vossiano
1277 2149 1429 2236 (quadra

317 2261 386 2320 tum
410 2253 498 2340 dicit)
521 2258 678 2321 iacentem
700 2252 821 2332 adfert,
838 2250 926 2335 quod
948 2256 997 2317 est
1019 2271 1040 2316 a
1060 2252 1217 2316 Marullo.

410 2360 501 2425 1302·
524 2356 614 2419 INDE
640 2376 759 2419 BOVES
787 2376 852 2418 CAS
880 2376 1040 2418 TURRITO
1069 2374 1238 2417 CORPORE
1266 2375 1427 2418 TETROS.

317 2461 423 2524 Boves
455 2478 571 2520 nuens
600 2464 757 2523 corrector
785 2455 932 2539 quadrati
962 2460 994 2520 et
1020 2456 1115 2520 Itali.
1139 2454 1198 2520 sed
1225 2454 1429 2520 scribendum

318 2565 370 2626 est
393 2580 581 2623 sannaus.
598 2558 645 2623 sie
671 2557 754 2622 infra
776 2561 865 2625 boves
888 2561 977 2623 lucae
989 2559 1086 2644 ferro
1112 2559 1195 2622 mole
1215 2572 1356 2622 mactae:
1370 2556 1429 2620 ita-

317 2678 383 2743 que
406 2661 507 2727 Varro
536 2660 586 2726 bis
615 2659 656 2726 de
682 2660 793 2744 lingna
814 2660 930 2724 Latina
951 2680 997 2721 vn
1010 2678 1042 2741 p.
1054 2661 1117 2726 325
1129 2661 1194 2725 326
1207 2707 1215 2735 ,
1230 2683 1288 2723 cor
1319 2661 1366 2722 ita
1388 2660 1429 2722 rit

318 2761 427 2844 dicta,
442 2765 475 2827 si
494 2764 533 2826 ab
553 2763 658 2850 Ia'byc
680 2763 783 2829 dictae
806 2775 906 2828 essent
926 2762 1037 2842 lucae,
1051 2759 1137 2842 apud
1152 2776 1247 2841 quem
1262 2779 1327 2824 non
1341 2759 1429 2824 vide·

316 2869 370 2928 tur
384 2860 550 2927 ferendum
567 2883 638 2929 esse
653 2884 684 2947 p.
697 2868 758 2932 327
776 2865 862 2951 quod
872 2865 961 2949 leupo
972 2863 1151 2927 relucebant
1156 2875 1289 2946 propter
1299 2863 1429 2925 inaura·

317 2980 366 3031 tos
390 2969 494 3053 rapies
514 2966 664 3052 clupeos,
688 2967 801 3051 quobus
825 2991 931 3032 eorum
954 2980 1018 3030 tum
1042 2976 1171 3028 mactae
1195 2976 1285 3027 eraut
1303 2975 1428 3026 turrea:

316 3068 417 3132 immo
432 3072 487 3131 aut
501 3092 608 3133 cerem
621 3072 676 3130 aut
690 3068 917 3153 elefantorum.
934 3082 1038 3146 neque
1054 3065 1106 3128 bos
1118 3064 1225 3127 Lucae
1236 3061 1351 3127 dicitur
1366 3062 1429 3127 nisi

317 3189 340 3234 a
351 3166 510 3234 Salmasio
526 3169 561 3232 in
572 3166 849 3233 exercitationibus
864 3187 895 3250 p.
908 3173 990 3245 218,
1006 3163 1065 3231 sed
1076 3166 1148 3230 toea
1159 3165 1232 3248 boo,
1248 3171 1280 3229 et
1293 3165 1429 3229 sortasse

318 3273 411 3336 lucus
426 3269 545 3335 bouvel
560 3283 692 3334 taurus:
708 3268 754 3334 sic
769 3273 854 3334 uerte
870 3269 970 3334 Varro
985 3293 1084 3354 neque
1099 3269 1288 3353 uraipotc'ue
1303 3267 1433 3331 Duceni

318 3398 416 3461 quam
432 3374 499 3438 loci
506 3422 514 3454 ,
530 3370 650 3437 scilicet
666 3369 843 3436 dicerentrn
852 3421 862 3454 ,
878 3370 906 3437 si
920 3371 1012 3436 lucae
1027 3369 1127 3434 boves
1142 3374 1248 3432 essent
1258 3369 1428 3432 Lucanae.

413 3478 655 3543 1307.nrrr1s
686 3494 943 3537 neruosusne.
964 3470 1037 3537 Itali
1064 3476 1096 3535 et
1121 3470 1276 3536 Marullus
1303 3491 1427 3534 auum.

408 3580 501 3644 1315.
524 3576 754 3639 Tuunrnrcss
797 3596 958 3639 carruuu
1001 3594 1224 3644 ouarrnnrrs
1263 3587 1429 3644 unuroun

317 3699 490 3745 cursus.
514 3677 689 3758 quadratus
713 3681 886 3764 quatientes
898 3726 906 3741 .
918 3695 1029 3740 versus
1051 3680 1100 3740 est
1121 3694 1184 3738 uno
1200 3672 1356 3739 vocabulo
1371 3673 1430 3737 mi·

316 3802 381 3848 nus
401 3778 633 3858 Lucretianus,
649 3781 708 3846 sed
730 3797 771 3844 ex
792 3778 873 3843 libro
897 3801 930 3862 11,
943 3782 1006 3846 632
1027 3775 1091 3841 huo
1111 3776 1218 3857 inepte
1237 3773 1428 3838 translatus.

317 3883 400 3950 vidit
421 3883 482 3947 hoc
504 3881 629 3947 Faber:
645 3882 756 3963 ‘neque
779 3879 864 3945 enim
891 3879 984 3945 facile
1006 3876 1202 3944 crediderim'
1222 3875 1326 3958 inquit
1346 3875 1430 3940 ‘oris-

317 3993 370 4052 tas
392 3984 549 4070 capitibus
568 3983 697 4048 leonum
718 3983 888 4047 annexas.
905 3986 938 4046 at
959 3977 1178 4046 Wakefieldus
1199 3980 1313 4042 cratae
1334 3976 1429 4042 inter-

318 4092 462 4174 pretatur
489 4086 627 4151 ‘villosas
654 4088 746 4151 obbas
777 4084 1014 4165 hirsutaeque,
1037 4096 1132 4168 capot
1161 4085 1268 4144 autem
1296 4082 1429 4145 cervices

320 4209 418 4269 esse;
439 4189 555 4270 quibus
588 4186 761 4253 succlamat
790 4185 962 4267 ‘eleganter
993 4190 1024 4248 et
1052 4180 1253 4264 magnifioe'.
1274 4181 1431 4263 Forbiger

319 4293 402 4359 haec
422 4291 530 4356 omnia
549 4287 628 4353 nihil
649 4307 764 4354 curans
785 4294 887 4354 tacet.

393 4398 502 4462 1319.
518 4393 597 4456 ¹oar
633 4412 826 4454 nrunuanr
851 4438 858 4453 .
885 4387 1040 4455 Marullus
1076 4406 1266 4449 rursusne
1290 4434 1297 4449 .
1319 4404 1430 4450 versus

320 4503 396 4563 aute
422 4496 505 4559 hunc
532 4493 696 4578 proximus
724 4499 773 4560 est
793 4491 881 4576 apud
900 4489 1040 4556 Nouium
1062 4510 1093 4573 p.
1113 4493 1184 4567 134,
1200 4494 1240 4557 8.
1259 4486 1293 4551 in
1314 4506 1353 4551 eo
1376 4485 1430 4568 qui

319 4598 405 4664 huno
432 4594 573 4678 sequitur
602 4595 798 4683 decutiebam
824 4594 1012 4677 oblongus,
1033 4590 1207 4675 quadratus
1237 4589 1323 4654 male
1350 4587 1430 4652 dira-
