3509 5442
325 558 387 624 388
857 553 901 617 Vl

325 725 467 808 Captivis
481 747 527 802 111,
535 731 565 802 4,
578 729 598 791 2
613 726 707 789 Neine
723 726 876 789 enimvero
893 749 948 810 epo
964 723 1085 789 occelli.
1102 736 1175 787 esunt
1190 723 1237 787 od
1250 724 1307 789 ted
1320 726 1415 789 hostes
1424 775 1431 807 ,

328 828 543 915 Tyrannionem
559 827 765 904 Oasina1,46
783 827 860 892 Cum
882 827 931 890 rui
950 826 1011 889 ulla
1034 824 1140 908 dicar,
1155 827 1362 891 mr‘anr‘mule'
1371 877 1379 908 ,
1394 829 1436 891 mi

325 923 487 1018 Olpmpio.
504 953 537 1006 11,
550 934 579 1007 3,
592 933 634 996 40
653 930 738 1007 oues·
758 930 880 993 domiai
900 927 991 993 hodie
1010 926 1121 1011 precati
1139 952 1290 992 nummus
1312 953 1374 992 uon
1395 942 1434 992 est

322 1033 485 1117 plumbeus
498 1081 505 1094 .
520 1030 554 1094 in
568 1028 763 1094 Mostellaria
778 1053 798 1106 1,
809 1034 839 1111 3,
855 1033 916 1098 102
937 1030 1024 1092 'Uuu
1044 1035 1145 1114 operui
1165 1032 1241 1094 ebur
1265 1043 1433 1095 utrumme

324 1111 543 1216 candefacere
556 1134 712 1218 postules,
730 1154 759 1208 V,
773 1135 801 1213 2,
815 1136 857 1197 43
872 1132 913 1197 si
925 1132 981 1194 Ιιόο
994 1130 1092 1215 pudet
1104 1181 1112 1212 ,
1122 1133 1245 1219 fecisse
1262 1146 1433 1218 sumptum,

324 1235 465 1320 supplici
485 1235 580 1297 habeo
602 1237 699 1297 eutis.
722 1232 755 1295 in
770 1231 985 1296 Menaechmis
1008 1254 1042 1310 11,
1057 1236 1084 1309 1,
1098 1238 1139 1300 33
1155 1233 1240 1296 Nom
1265 1235 1344 1297 sidat
1364 1235 1434 1298 laec

324 1337 481 1400 homiuum
497 1335 586 1398 notui
599 1334 815 1419 Epidamnio.
831 1333 865 1396 in
880 1333 1056 1397 Mercatore
1071 1356 1092 1413 1,
1108 1339 1169 1412 1,4
1192 1334 1272 1399 Vidi
1285 1349 1435 1399 amatum

314 1438 448 1522 facere,
466 1439 524 1520 qui
536 1449 591 1498 out
605 1437 691 1499 noeti
703 1448 758 1498 aaut
773 1434 824 1498 dii
835 1484 841 1496 .
854 1434 888 1497 in
900 1435 1042 1499 Poenulo
1055 1459 1075 1518 1,
1089 1441 1116 1514 l,
1128 1441 1170 1504 48
1186 1436 1228 1502 Se
1239 1442 1353 1501 amare
1363 1436 1434 1500 uelle

326 1551 420 1622 utque
432 1539 562 1622 obsequi
572 1539 677 1599 anemo
689 1560 762 1600 suo.
777 1559 797 1613 1,
806 1539 835 1611 2,
845 1540 883 1602 31
898 1536 1011 1618 Soror,
1024 1540 1143 1623 copulet,
1156 1539 1289 1614 amabo,
1301 1539 1373 1602 item
1384 1562 1434 1602 uos

317 1639 488 1724 perhiberi
496 1687 502 1701 .
515 1643 555 1705 67
569 1639 711 1723 Mophis
718 1686 726 1711 ,
740 1639 797 1701 ubi
806 1639 861 1701 es?
878 1644 984 1702 cissam
997 1640 1086 1724 opud
1095 1653 1123 1704 le
1135 1664 1238 1704 eccum
1253 1689 1261 1704 .
1274 1653 1310 1703 at
1320 1663 1374 1725 epo
1385 1640 1433 1703 eli-

324 1765 385 1804 mas
401 1743 446 1804 sis
461 1741 549 1804 volo.
566 1761 608 1822 rv,
619 1744 647 1822 2,
662 1744 681 1805 2
698 1741 783 1818 Qudr'
796 1740 917 1802 homiui
932 1764 1004 1803 erus
1020 1753 1064 1804 est
1079 1741 1256 1805 consimilis
1268 1792 1277 1823 ,
1291 1743 1375 1806 uelut
1385 1766 1433 1827 epo

324 1843 419 1905 labeo
434 1831 514 1905 luite
530 1843 624 1906 leuius
636 1842 740 1906 modi.
754 1839 900 1904 similiter
911 1839 1027 1903 Accius
1039 1841 1124 1923 apud
1136 1841 1281 1904 Nonium
1292 1861 1325 1925 p.
1337 1847 1385 1920 15,
1396 1848 1433 1909 33

324 1943 489 2027 Meleaprd
497 1993 506 2025 ,
523 1945 580 2007 ubi
592 1947 688 2008 torris
704 1958 781 2009 esset
797 1943 1154 2028 uir-terfeetuoflummeus
1166 1991 1174 2005 .
1187 1942 1342 2010 Afranius
1356 1944 1432 2028 apud

325 2042 459 2107 eundem
476 2066 505 2127 p.
517 2050 566 2121 73,
580 2049 620 2112 33
636 2047 826 2131 Septdurbrr's
842 2044 914 2108 here
929 2043 1105 2125 kalendae,
1121 2045 1215 2110 hodie
1238 2061 1310 2112 aler
1332 2048 1413 2112 dees.
1469 2022 1470 2049 ἶ

412 2152 483 2214 746.
514 2147 591 2210 Aur
621 2169 656 2208 ru
688 2167 840 2227 seusu,
872 2168 904 2208 sr
933 2167 1052 2209 noers
1083 2167 1200 2209 nscns
1230 2169 1430 2211 sunrnsrus

324 2268 484 2309 svnsur.
509 2247 685 2311 Brixiensis
708 2247 804 2311 editio
828 2266 866 2310 ex
891 2246 1112 2313 emendatione
1137 2247 1226 2333 (nam
1242 2250 1430 2314 Veronensis

322 2368 387 2412 non
410 2347 581 2432 consentit)
606 2370 863 2413 suusruurus.
887 2350 948 2413 hoc
970 2349 1196 2415 verissimum.
1220 2355 1289 2414 tum
1311 2352 1430 2417 Lambi-

322 2468 402 2526 nus,
425 2450 533 2513 nescio
556 2449 660 2534 unde,
677 2450 852 2533 Averuost,
874 2471 952 2515 casu
973 2452 1110 2516 nominis
1131 2472 1244 2535 parum
1268 2459 1364 2536 apto,
1379 2453 1429 2519 sed

323 2564 368 2616 esc
394 2558 478 2616 reete
505 2550 614 2615 addito
644 2549 818 2615 secundum
848 2552 1110 2617 consuetudinem
1137 2559 1278 2636 poe‘tae.
1302 2555 1336 2619 id
1360 2576 1427 2620 vero

322 2651 428 2734 aptius
451 2652 627 2718 inseremus
649 2658 722 2716 ante
745 2655 793 2734 si,
809 2652 870 2716 hoo
886 2655 1002 2732 modo,
1025 2677 1090 2717 ssr
1113 2660 1145 2720 su'
1154 2658 1246 2742 forte
1263 2659 1353 2722 lacus
1366 2659 1426 2722 sub-

321 2768 439 2819 stratus
461 2757 586 2821 Averni
598 2805 605 2819 .
635 2755 680 2819 ita
708 2753 741 2817 in
764 2775 793 2836 v,
807 2760 869 2823 606
894 2757 1097 2842 Opportuuus
1119 2760 1165 2821 ita
1188 2771 1233 2823 est
1254 2761 1385 2848 siforle
1405 2772 1427 2824 et

322 2856 453 2921 idoneus
476 2870 551 2921 u'e'r.
1421 2874 1424 2879 '

409 2963 480 3024 747.
505 2959 570 3020 His
592 2978 710 3020 Locus
733 2979 797 3019 ssu
822 2979 943 3022 cunas
962 2982 1427 3045 arur,ncu1s·n11³nauou·

322 3081 379 3122 rrs
414 3060 579 3123 Oprnrrr
612 3081 760 3122 cunrnrs
796 3082 856 3122 uer
892 3057 1045 3123 rusius
1082 3084 1265 3128 ronrrnus
1299 3089 1427 3131 incur.

323 3160 508 3238 Quadratus
524 3163 559 3226 Is
575 3163 660 3225 loeus
676 3167 708 3226 et
722 3175 857 3226 montes.
875 3163 1033 3244 oblongus
1055 3169 1128 3228 ante
1148 3185 1244 3248 quam
1261 3168 1429 3250 corrigere-

325 3268 375 3325 tur
400 3266 492 3348 epru'.
519 3263 551 3326 in
573 3263 623 3327 his
646 3265 680 3327 Is
704 3268 735 3326 et
756 3278 872 3329 montes
895 3266 1122 3349 orthographia
1144 3272 1265 3331 tantum
1289 3267 1431 3333 differunt

323 3363 363 3427 ab
391 3366 456 3428 His
479 3369 510 3428 et
531 3369 667 3430 montis.
690 3365 875 3430 mittendum
899 3374 947 3432 est
968 3369 1039 3450 lus,
1064 3369 1150 3449 quod
1171 3389 1235 3434 non
1260 3378 1338 3454 puto
1360 3371 1430 3436 satis

322 3464 485 3546 antiquum
509 3484 606 3530 esse:
630 3471 745 3532 montis
775 3487 829 3530 our
857 3469 977 3533 servari
1004 3470 1128 3552 possit,
1156 3470 1223 3535 dixi
1251 3470 1296 3535 ad
1317 3495 1338 3557 1,
1353 3478 1429 3542 805.

320 3566 476 3631 vocabula
506 3574 653 3652 corrupta
676 3569 853 3634 Salmasius
875 3571 1010 3636 Vossius
1032 3572 1196 3638 Bentleius
1224 3574 1344 3656 optime
1372 3594 1429 3638 res

319 3669 471 3734 tituerunt
492 3668 556 3747 ita,
576 3693 663 3733 acnr
686 3693 852 3735 snnpunn
875 3687 991 3738 morulas
1007 3675 1136 3760 Oppleti
1144 3723 1151 3737 .
1167 3678 1199 3738 et
1213 3675 1347 3760 sulpure
1362 3675 1430 3740 Ser·

320 3771 405 3835 num
428 3771 480 3835 hic
502 3771 620 3852 legisse
636 3778 780 3851 constat,
797 3773 851 3854 qui
867 3772 910 3836 ad
925 3773 1040 3837 librum
1056 3797 1088 3837 vr
1103 3774 1265 3840 Aeneidos
1281 3779 1345 3844 239
1359 3801 1430 3841 saue

320 3874 480 3939 sciendum
510 3873 612 3956 inquit
639 3877 822 3940 Lucretium
853 3890 882 3940 et
911 3877 991 3940 alios
1014 3879 1165 3962 physicos
1194 3875 1302 3942 dehere
1330 3883 1430 3942 u'efrem

320 3998 501 4059 corporeum
523 4001 588 4041 esse
599 4002 611 4059 ,⁰
633 3976 715 4041 uude
738 4002 810 4041 aues
833 3979 985 4041 sustinet:
1007 3978 1065 4042 sed
1085 3979 1166 4042 huuc
1188 3977 1299 4042 cedere
1320 3981 1434 4064 vapori

319 4076 510 4160 sulprhure05
531 4077 613 4142 uude
636 4103 708 4143 aves
730 4081 764 4142 iu
786 4079 853 4142 illes
870 4079 966 4160 loeus,
982 4079 1122 4160 desertae
1137 4091 1209 4144 o'e're
1224 4103 1288 4163 quo
1304 4083 1434 4166 portari

293 4168 302 4185 ⁰
320 4178 418 4240 solent
430 4227 437 4255 ,
450 4178 616 4242 concidunt
630 4205 691 4244 aon
706 4181 801 4245 odore
816 4180 874 4245 sed
881 4179 1023 4266 pondere
1036 4229 1043 4243 .
1058 4199 1140 4261 quae
1156 4187 1293 4264 apparet
1307 4190 1431 4267 sumpta

320 4294 392 4340 esse
416 4288 458 4338 ex'
476 4296 572 4341 versu
587 4285 650 4347 830
673 4287 703 4345 et
724 4301 838 4346 novem
861 4281 1035 4363 proximis:
1059 4280 1117 4346 sed
1139 4281 1183 4346 ibi
1206 4287 1257 4346 est
1275 4287 1325 4348 us's
1340 4299 1430 4371 acque

319 4392 423 4443 aestus
438 4378 577 4461 Averni,
593 4399 743 4463 vaporem
759 4388 864 4446 autem
879 4383 969 4446 illum
992 4383 1196 4468 sulphureum
1220 4401 1295 4449 esse
1317 4384 1352 4450 in
1373 4385 1430 4450 hoc

319 4485 427 4545 nostro
449 4498 544 4543 versu
566 4486 660 4563 poeta
682 4483 775 4547 dicit.

406 4586 476 4649 749.
499 4580 571 4644 Esr
594 4604 637 4644 ur
660 4606 843 4648 susannis
867 4607 903 4648 ru
926 4608 1138 4669 uosurnus,
1161 4608 1271 4651 sncrs
1296 4613 1332 4652 ru
1349 4611 1427 4653 rrso

294 4684 506 4749 'Vsurrcn
538 4683 720 4761 Quadratus
749 4692 889 4756 ulau.
916 4694 1075 4754 corrector
1103 4688 1237 4770 oblongi
1267 4695 1302 4756 iu
1327 4715 1426 4758 reso.
