3509 5442
322 569 382 634 188
840 563 895 626 ΙΙΠ

320 741 369 801 est
389 755 550 812 caesar,
568 733 847 816 quemadmodum
868 734 902 797 in
925 733 1006 797 libro
1021 756 1042 815 1,
1055 738 1116 802 977
1134 732 1343 799 membranae
1365 750 1426 794 om-

319 857 376 901 nes
391 837 509 901 habent
520 838 671 921 probeat,
688 836 802 916 quibus
814 837 966 921 praebere
982 840 1013 897 et
1027 836 1136 901 debere
1158 839 1233 899 sunt
1247 830 1425 898 simillima.

312 942 449 1025 prci'cict
471 938 571 1002 tribus
587 937 720 1020 syllabis
743 936 862 1002 dixisse
881 937 1007 1002 videtur
1028 937 1150 1002 Seneca
1172 937 1233 1001 boc
1255 953 1375 1010 versu,
1390 935 1427 997 Et

319 1043 399 1105 iuter
423 1044 507 1105 acies
521 1041 659 1126 proiciet
673 1053 798 1123 ruptam
821 1040 904 1103 duas
926 1038 959 1102 in
974 1037 1158 1104 Phoenissis
1174 1043 1259 1106 426.
1276 1037 1426 1117 Plautus,

320 1141 373 1223 qui
401 1144 497 1206 ccicio
520 1158 645 1222 semper
668 1139 747 1203 dixit
775 1159 834 1222 per
853 1140 1097 1223 diphthongon,
1118 1139 1216 1203 nihilo
1239 1138 1349 1203 minus
1370 1137 1428 1220 pri-

319 1263 402 1306 mam
430 1243 560 1323 longam
589 1245 769 1305 constanter
795 1242 909 1307 retinet
934 1241 967 1305 in
995 1243 1057 1328 cjci
1075 1241 1159 1328 dejci
1173 1243 1307 1328 prcp'ci:
1328 1259 1428 1321 neque

319 1342 414 1408 huius
437 1363 507 1408 esse
530 1343 625 1408 credo
646 1345 765 1407 coicitis
786 1362 843 1426 per
859 1341 1099 1425 diphthongon,
1115 1342 1149 1406 in
1162 1343 1344 1406 Mercatore
1360 1363 1389 1416 v,
1401 1343 1427 1416 2,

319 1451 380 1523 91,
405 1444 462 1508 sed
485 1447 645 1526 conicitis,
666 1462 761 1525 quem
787 1442 958 1507 admodum
987 1442 1066 1507 dixit
1091 1444 1125 1508 in
1147 1443 1298 1508 Asinaria
1311 1445 1429 1520 1v,2‚5

319 1549 457 1625 obicias,
475 1546 619 1627 quamvis
642 1545 721 1609 alias
740 1544 886 1608 maluerit
908 1547 1010 1632 conjce
1025 1548 1156 1632 objcitur
1177 1544 1288 1631 (Mero.
1305 1567 1341 1623 11,
1354 1549 1385 1626 3,
1396 1547 1427 1622 5)

321 1649 400 1733 iujcc
415 1649 551 1735 cdjccrct
566 1649 676 1732 (Poen.
693 1652 766 1730 v‚4,
782 1645 813 1731 1)
837 1647 979 1711 dissicit.
994 1647 1097 1711 variat
1117 1646 1149 1709 in
1170 1666 1233 1710 uno
1250 1644 1428 1726 eodemque

319 1748 451 1813 Medeae
473 1769 568 1814 versu
587 1753 648 1816 527
673 1749 814 1830 Seneca,
831 1750 896 1812 His
918 1749 1008 1814 adico
1030 1749 1179 1825 solcioc,
1201 1747 1291 1834 adjce
1314 1749 1429 1813 Aeeten

321 1850 453 1914 dacem.
474 1849 590 1915 Lucilii
618 1849 747 1930 quidem
769 1849 969 1932 versiculos,
992 1849 1046 1931 qui
1076 1850 1225 1932 leguntur
1250 1849 1340 1932 apud
1366 1849 1429 1913 No

320 1950 406 2014 nium
428 1972 459 2035 p.
473 1956 545 2029 296,
559 1955 619 2028 24,
635 1951 668 2015 in
689 1950 773 2016 hunc
795 1951 924 2016 modum
946 1951 1074 2036 disponi
1097 1952 1201 2033 malo,
1218 1974 1274 2035 epo
1289 1952 1427 2014 animam

320 2055 502 2140 Prisciani,
518 2067 552 2117 ut
566 2079 614 2118 me
630 2078 734 2118 umore
751 2055 943 2140 expediam?
958 2075 1053 2135 quam
1075 2059 1111 2117 ut
1131 2052 1165 2117 in
1179 2052 1242 2118 fine
1258 2051 1427 2136 septenarii

320 2155 360 2218 sit
382 2179 436 2240 cqc
459 2157 598 2219 animam
612 2158 796 2241 proiciam:
812 2155 910 2219 verba
931 2154 1003 2237 ipsa
1024 2155 1184 2237 quomodo
1208 2153 1428 2220 constituenda

319 2254 381 2320 siut
396 2254 527 2319 dubium
551 2274 622 2319 esse
644 2277 708 2320 non
729 2259 853 2338 potest,
871 2276 942 2320 cum
964 2255 1035 2320 libri
1051 2257 1190 2320 babeant
1211 2281 1266 2342 epo
1282 2259 1366 2320 euim
1386 2281 1427 2318 aa

314 2381 375 2442 per
409 2359 520 2421 eiciam
550 2370 583 2419 ut
615 2383 662 2422 mc
694 2383 801 2422 amare
835 2358 1001 2443 expediam
1013 2383 1024 2441 ,·
1051 2356 1195 2442 quamvis
1222 2357 1348 2422 Nonius
1380 2356 1426 2420 his

319 2456 564 2540 praescripsisse
587 2457 705 2524 seratur
724 2459 887 2545 Eccpcdicc
902 2508 910 2540 ‚
927 2461 1002 2524 utile
1025 2486 1109 2542 ecca,
1126 2458 1218 2541 quasi
1239 2458 1375 2540 legisset
1396 2472 1426 2522 at

319 2561 368 2623 mi
386 2584 493 2625 amare
516 2561 682 2646 cupediot.

405 2664 477 2727 867.
500 2687 621 2736 uacua
643 2686 759 2728 aruum
774 2664 967 2727 Drrranaa
988 2683 1157 2725 annuato
1173 2682 1318 2726 aauuuo
1342 2685 1426 2725 rua-

317 2784 377 2847 -prr
401 2783 466 2825 1au
489 2787 660 2830 raucone
683 2787 819 2829 saruc.
836 2764 1019 2841 Quadratus
1042 2765 1150 2830 anullo
1170 2764 1299 2828 anulio.
1319 2763 1427 2828 oblon-

318 2882 379 2942 gus
401 2863 505 2946 prima
530 2888 627 2932 manu
652 2882 816 2954 temporo.
837 2865 931 2929 huius
953 2872 1111 2930 corrector
1137 2863 1255 2928 delevit
1275 2866 1426 2944 cucullo,

317 2962 468 3048 idemque
494 2968 636 3035 lecerunt
663 2989 701 3034 eo
727 2989 792 3033 uon
813 2965 1034 3051 prudentiores
1055 2964 1272 3032 Wakefieldus
1299 2970 1332 3030 et
1353 2967 1428 3031 For·

318 3064 429 3146 biger;
446 3088 581 3151 quorum
603 3072 683 3136 alter
698 3069 823 3153 scripsit
844 3094 865 3133 c
880 3069 987 3150 uullc,
1004 3067 1090 3150 quod
1105 3065 1293 3132 sententiam
1307 3067 1428 3132 nullam

317 3164 413 3252 iacit,
431 3170 511 3235 alter
533 3197 575 3236 ccc
589 3174 654 3237 ullo
677 3190 738 3235 nac
752 3170 864 3234 Latine
887 3189 945 3234 nec
965 3170 1048 3235 iusto
1065 3168 1261 3253 syllabarum
1276 3166 1427 3232 modulo.

320 3288 391 3333 cum
413 3272 548 3335 Marullo
571 3272 716 3355 plerique
738 3297 780 3335 aa
803 3272 910 3353 nullo,
928 3271 1014 3353 quod
1036 3269 1132 3335 nihilo
1159 3268 1275 3336 melius
1296 3269 1428 3334 estidi-

319 3370 360 3433 cit
381 3371 464 3434 enim
492 3372 683 3436 contrarium
710 3371 779 3436 eius
805 3371 893 3454 quod
914 3371 1108 3454 requiritur.
1135 3396 1217 3436 cuae
1243 3371 1309 3436 ulio
1322 3372 1429 3457 fucrit

319 3490 414 3552 quam
440 3477 525 3536 recte
553 3471 675 3536 dicatur
701 3473 814 3554 ignoro
835 3497 842 3537 :
863 3473 1067 3538 scribendum
1099 3480 1176 3557 puto
1209 3494 1302 3535 auru
1337 3494 1427 3538 uano

309 3573 417 3658 fucrit
445 3577 509 3639 c'cuc
540 3589 673 3660 tempore
700 3590 812 3658 cratus,
833 3582 868 3638 ut
896 3596 992 3658 supra
1007 3581 1070 3645 852
1098 3589 1169 3640 arcte
1196 3577 1262 3654 Qui
1276 3576 1428 3660 fuimus.

318 3695 413 3758 porro
442 3682 537 3760 poeta
562 3676 614 3741 hic
643 3676 711 3741 sine
740 3677 906 3741 dubitandi
933 3676 1088 3759 particula
1114 3675 1193 3740 dixit
1219 3679 1303 3742 uitii
1324 3678 1430 3765 dffcrt

318 3780 383 3842 ium
405 3793 498 3844 actua
510 3779 618 3864 fucrit
629 3829 637 3861 ,
654 3784 685 3843 et
705 3778 848 3844 similiter
869 3778 903 3841 in
924 3801 967 3856 ru,
987 3782 1067 3847 1259
1089 3779 1203 3865 mapui
1221 3779 1321 3863 casm
1336 3781 1428 3846 Oroa-

319 3904 416 3964 saquc
438 3882 623 3945 coaueuiuat
646 3881 778 3966 liquidis
805 3894 833 3945 ct
855 3881 981 3967 liquida
1003 3882 1140 3945 crassis.

405 3987 476 4049 871.
501 4005 546 4045 ur
569 4003 640 4044 aur
667 4004 780 4046 rurus
804 4004 971 4046 conrcua
994 4002 1132 4044 rosae.
1156 3980 1315 4047 Antonius
1337 3984 1428 4048 Marii

252 4081 254 4086 '
320 4079 423 4163 filius,
439 4082 514 4146 item
536 4083 690 4148 Marullus
713 4088 743 4148 et
758 4083 933 4167 drantius,
945 4097 1128 4169 putrescat:
1143 4083 1219 4148 Pius
1240 4083 1330 4168 (nam
1352 4086 1429 4150 For-

319 4180 410 4262 biger
434 4201 468 4246 se
490 4183 661 4249 editionem
684 4184 732 4248 Pii
753 4205 818 4248 non
838 4184 957 4249 habere
984 4184 1087 4249 sciens
1109 4184 1224 4248 falsum
1247 4183 1342 4270 dicit)
1365 4210 1428 4251 ro·

322 4304 478 4346 nascar.
494 4284 607 4349 horum
629 4291 774 4349 neutrum
802 4285 843 4349 ab
865 4285 1019 4351 hocloco
1045 4286 1184 4351 alienum
1207 4293 1274 4352 est.
1290 4287 1326 4353 in
1348 4289 1427 4354 libro

319 4385 457 4449 Lucretii
474 4409 503 4469 V,
516 4391 577 4455 307
590 4401 770 4472 putrescere
785 4412 867 4452 caua
883 4394 914 4452 et
928 4392 991 4456 832
1006 4389 1151 4473 Namque
1166 4389 1260 4453 aliud
1276 4393 1430 4475 putrescit

321 4500 349 4551 ct
371 4511 445 4552 acuo
468 4487 568 4552 debile
584 4489 711 4574 lacquct
721 4539 730 4572 ,
746 4489 786 4553 de
807 4488 848 4555 iis
867 4490 964 4554 rebus
985 4489 1019 4553 in
1041 4508 1121 4572 quas
1136 4489 1240 4554 malus
1263 4490 1345 4556 odor
1366 4513 1427 4558 non

320 4587 428 4666 cadit,
450 4588 507 4655 sed
534 4587 645 4654 mador
676 4595 708 4653 et
728 4610 786 4674 per
808 4609 881 4654 eum
905 4591 1088 4675 corruptio.
1109 4590 1214 4656 minus
1240 4597 1347 4678 recte,
1368 4593 1428 4659 nisi

320 4687 433 4775 fallor,
449 4703 611 4779 patescere
632 4693 753 4760 remica
778 4691 813 4757 in
833 4689 986 4759 Varronis
1006 4713 1112 4762 rerum
1138 4692 1328 4766 rusticarum
1348 4695 1425 4767 libro
