3509 5442
318 538 383 605 230
852 532 897 599 lv

319 711 472 790 uterque,
489 709 648 773 corrector
662 703 793 787 oblongi
806 705 981 791 6666696.
997 721 1107 767 verum
1120 700 1267 767 ordinem
1282 720 1432 766 versuum

321 809 475 874 Marullus
497 809 684 875 monstravit
705 814 737 873 et
758 806 809 872 hic
832 812 863 870 et
884 806 981 889 paulo
1004 808 1097 888 post,
1112 807 1196 872 261.

407 913 480 980 253.
503 933 648 976 navers
675 931 857 973 vrnnuun.
877 910 927 990 Ita
955 905 1154 989 quadratus:
1175 904 1244 971 eius
1274 911 1431 970 corrector

321 1033 490 1076 nnuors.
512 1014 573 1079 hoc
594 1013 699 1097 ipsum
722 1011 881 1094 oblongus
902 1010 1018 1089 habet,
1041 1006 1099 1074 sed
1119 1013 1184 1073 tres
1206 1007 1331 1091 primas
1352 1007 1428 1074 litte-

323 1133 376 1178 ras
399 1133 494 1178 manu
517 1114 676 1180 Saxonica
696 1114 730 1178 in
751 1111 866 1176 litura.
904 1142 906 1145 ·

408 1219 481 1284 261.
504 1237 575 1279 rou
601 1238 742 1280 661616
765 1214 1087 1286 oenacensem
1110 1210 1257 1278 Gitanius
1287 1210 1367 1297 (sed
1392 1211 1428 1277 de

324 1331 423 1383 cetere
449 1317 553 1384 codice
579 1317 648 1401 ipse
678 1314 809 1401 viderit)
835 1338 998 1380 rnrvsu.
1019 1313 1080 1380 hoe
1111 1314 1194 1380 enim
1217 1313 1346 1397 agitur,
1370 1316 1427 1378 sia-

323 1420 403 1507 9616
418 1422 501 1487 258.

411 1522 484 1588 262.
508 1518 580 1583 San
602 1541 714 1585 61616
737 1543 929 1586 6666666.
946 1519 1023 1585 Ρ166
1037 1520 1128 1585 ‘Sunt
1146 1517 1200 1602 qui
1216 1515 1361 1583 scribunt
1378 1541 1427 1582 66-

326 1646 449 1686 casam
476 1640 534 1704 pro
557 1620 740 1687 universum
753 1623 773 1687 .’
793 1622 878 1688 idem
901 1621 1116 1688 Pacuvianum
1142 1645 1238 1686 amose
1266 1618 1372 1683 attulit
1394 1637 1429 1682 er

326 1721 431 1788 Nonio
446 1743 477 1806 p.
493 1726 562 1801 183,
575 1727 636 1792 20.
653 1725 733 1792 11666
743 1725 962 1792 Wakefieldus
977 1749 1146 1789 66666666
1162 1728 1195 1788 66
1208 1745 1345 1787 6666666
1360 1720 1430 1785 scri·

327 1824 433 1889 benda
454 1823 625 1906 iudicavit3
642 1826 696 1909 qui
718 1827 856 1893 debebat
878 1826 998 1892 addere
1019 1826 1053 1890 in
1076 1830 1205 1891 senatus
1226 1822 1374 1888 consulto
1395 1823 1431 1886 de
1478 1904 1479 1914 ἵ

328 1925 583 1992 Bacchanalibus
604 1928 690 1994 facto
713 1949 748 1994 re
768 1949 845 1994 vera
865 1930 910 1994 ita
925 1927 1075 2011 scriptum
1097 1946 1169 1992 esse
1191 1928 1331 1991 homines
1341 1927 1432 2012 ploos

328 2052 350 2092 v
365 2032 539 2096 oimvomei.
557 2048 596 2094 ex
620 2051 683 2112 quo
698 2031 842 2115 intellegi
860 2035 965 2116 potest
981 2049 1076 2112 quam
1094 2029 1202 2113 inepte
1216 2031 1348 2112 propter
1369 2047 1432 2092 ver·

330 2151 401 2196 sum
416 2134 433 2196 6·
446 2131 568 2197 vocalis
596 2132 711 2196 extrita
733 2152 803 2199 6666
826 2139 1002 2217 statuatur,
1025 2152 1096 2197 cum
1123 2131 1156 2195 in
1176 2130 1325 2196 undecim
1354 2128 1433 2193 etin

330 2233 413 2299 ande
435 2237 590 2321 oetopmta
605 2252 698 2299 nemo
718 2220 869 2319 umquam
892 2255 963 2302 eam
984 2234 1122 2299 litteram
1138 2231 1289 2316 scriptam
1304 2230 1432 2314 viderit,

330 2339 363 2414 et
377 2338 572 2401 amantisime
587 2340 682 2416 atque
697 2340 850 2403 66666166
865 2335 1103 2421 antiquissimos
1118 2340 1265 2400 auctores
1279 2332 1434 2413 habeant,

331 2435 407 2500 item
429 2439 599 2501 ononimus
622 2436 699 2502 satis
714 2439 881 2521 antiquos.
899 2459 1093 2522 quamquam
1108 2457 1172 2502 non
1193 2456 1279 2520 nego
1294 2436 1434 2501 Plautum

332 2556 457 2622 semper
477 2541 646 2604 66666666
669 2546 817 2622 quattuor
839 2541 973 2627 syllabis
994 2538 1133 2617 dixisse,
1149 2557 1254 2622 neque
1271 2537 1435 2604 Claudium

339 2641 529 2706 Uaticanum
538 2640 653 2723 ignoro
666 2693 673 2720 ‚
689 2662 793 2726 neque
804 2648 974 2734 anchenam
987 2640 1123 2706 Catulli.
1139 2639 1239 2704 nihilo
1250 2641 1358 2706 minus
1371 2661 1435 2706 666

332 2740 458 2806 duobus
481 2743 600 2808 saeculi
621 2745 662 2809 ab
684 2746 762 2810 urbe
779 2745 906 2812 condita
925 2742 1051 2827 septimi
1067 2740 1275 2825 scriptoribus
1290 2767 1436 2809 auersam

334 2848 365 2907 et
386 2869 519 2928 666666,
535 2845 585 2909 vel
602 2846 687 2927 quod
707 2846 793 2912 idem
816 2854 864 2912 666
879 2872 992 2929 amose,
1008 2844 1103 2910 tn‘bui
1117 2843 1265 2923 videam,
1281 2845 1369 2908 malo
1385 2863 1437 2909 eos

333 2945 378 3010 ita
399 2944 521 3011 dixisse
544 2945 693 3028 credere,
710 2975 727 3015 o
742 2950 896 3035 producto
918 2953 954 3012 ut
974 2947 1007 3010 in
1022 2969 1176 3033 prorsam
1191 2945 1339 3012 deorsam
1360 2971 1437 3012 scor

334 3073 404 3114 sam
414 3098 422 3133 ,
436 3069 533 3132 quam
554 3047 672 3115 formas
694 3051 759 3117 illis
773 3051 910 3116 fortasse
930 3049 1074 3114 duriores
1096 3048 1183 3113 visas
1203 3046 1438 3114 1666666666-

335 3172 404 3216 rum
428 3155 586 3217 corrector
608 3151 754 3233 quadrati
777 3153 841 3218 iam
855 3151 1026 3236 adscripsit
1050 3152 1101 3216 cel
1119 3175 1311 3216 accersam:
1325 3151 1440 3215 Marul-

334 3253 385 3317 lus
407 3255 599 3333 r'atrorsam,
614 3253 770 3320 Aventius
793 3259 974 3338 abversum,
989 3252 1164 3318 Lambinus
1186 3278 1377 3319 maceratam.

420 3357 493 3421 267.
517 3375 599 3416 1661
620 3355 833 3421 1166161616.
854 3357 1038 3434 Quadratus
1053 3354 1217 3420 Drcrc'eiem
1240 3360 1271 3420 et
1288 3359 1354 3424 294
1369 3356 1439 3420 Ple-

336 3454 554 3521 6666666166
578 3464 736 3522 corrector
759 3465 791 3524 et
813 3460 909 3525 ceteri
931 3480 1061 3522 rrssu.

295 3559 300 3568 '
422 3560 495 3624 210.
518 3579 843 3625 6661666666661
868 3584 1053 3625 vrnnrun.
1078 3557 1260 3635 Quadratus
1282 3574 1441 3626 remmota.

337 3659 396 3726 sed
418 3679 511 3725 versu
526 3663 589 3728 288
612 3665 780 3746 utrumque
802 3664 965 3748 exemplar
988 3684 1154 3739 sacrorn,
1175 3663 1339 3744 quomodo
1362 3669 1442 3728 recte

261 3792 263 3796 ·
337 3763 389 3828 hic
405 3782 533 3846 quoque
550 3763 676 3847 scripsit
690 3765 865 3831 Marullus.
885 3766 984 3849 idque
1008 3785 1046 3829 eo
1063 3764 1165 3847 magis
1179 3764 1363 3831 faciendum
1379 3771 1443 3844 est,

338 3865 425 3951 quod
445 3884 557 3930 versus
579 3866 619 3931 ab
642 3866 704 3932 hoc
725 3867 918 3934 vicensimas
938 3869 1001 3933 huo
1023 3866 1140 3933 retrahi
1162 3865 1277 3947 dehet,

423 3969 615 4037 29016616
639 3990 709 4039 Qun
732 3992 905 4034 nnnnunr
929 3991 1174 4035 6666666666
1202 3992 1248 4032 nx
1269 3993 1444 4043 ,1666666

338 4093 471 4149 vrsuu3
493 4070 548 4152 qui
574 4068 642 4135 illic
670 4072 857 4137 sententiam
883 4074 928 4138 ita
954 4074 1125 4157 pervertit,
1147 4078 1182 4136 ut
1207 4072 1444 4151 Wakefieldus‚

340 4173 395 4257 qui
417 4192 490 4237 eum
513 4172 600 4237 solus
622 4171 821 4256 interpretari
843 4195 994 4257 agressus
1017 4180 1085 4255 est,
1106 4174 1184 4239 nihil
1206 4175 1269 4239 nisi
1292 4177 1382 4258 quod
1402 4176 1445 4240 in·

340 4270 475 4341 sanienti
503 4272 684 4338 conveniret
716 4273 840 4340 efficere
868 4278 1030 4360 potuerit.
1056 4277 1140 4354 ‘Qua
1168 4298 1203 4343 re
1230 4276 1327 4343 etiam
1354 4284 1446 4362 atquc

340 4380 434 4445 etiam
449 4385 577 4452 minime
599 4375 648 4435 est
670 4391 729 4455 par
749 4376 814 4441 illis
828 4378 970 4444 mirarier
986 4381 1073 4467 (ea),
1089 4401 1172 4464 quae
1187 4379 1327 4446 reddunt
1346 4383 1446 4448 visum

340 4506 380 4552 ex
406 4507 546 4570 aequore
576 4492 779 4574 speculorum
801 4479 885 4546 binis
913 4483 1059 4550 adribus:
1084 4484 1104 4547 i.
1128 4505 1155 4548 θ.
1178 4483 1229 4548 1111
1255 4483 1375 4566 igilur,
1397 4483 1447 4568 qui

340 4591 583 4674 phaenomenon
603 4593 751 4678 imaginis
773 4593 806 4656 in
821 4587 953 4675 speculo
976 4607 1033 4672 per
1051 4585 1191 4652 medium
1214 4586 1354 4671 duplicis
1369 4585 1448 4652 atris

342 4694 523 4785 explicant,
538 4695 668 4764 minime
683 4694 791 4763 mirmi
806 4692 924 4763 debent
937 4689 1078 4758 rationes
1093 4694 1240 4772 nostras,
1256 4709 1342 4776 quae
1357 4687 1449 4756 simili
