3509 5442
856 547 901 612 IV
1365 550 1427 618 271

319 718 529 800 designatur,
556 718 639 784 male
660 716 765 782 haesit
786 721 817 782 et
837 715 1011 792 Marullus,
1039 715 1093 796 qui
1114 715 1188 782 feeit
1209 720 1314 782 emerit
1332 721 1433 804 pravi
1516 716 1520 723 “

319 823 363 884 Er
387 846 470 906 quae
481 870 490 903 ,
511 817 597 904 quod
619 818 775 885 Aventius
803 818 898 884 stulte
924 817 1064 901 eorrupit
1082 821 1182 904 praui
1207 821 1246 883 Ur
1258 868 1267 901 ,
1290 824 1321 885 et
1341 821 1429 885 Nau-

318 922 453 1003 gerius,
469 943 490 986 a
511 941 574 1004 quo
598 925 645 986 est
662 923 740 986 Turn
757 946 837 1007 quae
847 970 856 1002 ,
871 940 929 1003 per
950 920 1067 985 multos
1084 920 1184 985 libros
1198 927 1428 1003 propagatum.

318 1023 528 1088 soribendum
556 1029 697 1088 astaus
720 1047 800 1108 quae
822 1025 957 1106 corpor?
978 1036 1051 1086 suut
1076 1024 1162 1087 erus.
1185 1020 1258 1085 hino
1280 1023 1430 1089 Horatius

317 1151 359 1190 ue
384 1128 527 1212 corporee
550 1127 667 1212 optima
688 1125 812 1211 Lyncei
824 1123 1035 1209 Contemplere
1057 1125 1176 1204 oeulis,
1192 1124 1346 1210 Hypsaea
1360 1149 1429 1189 rae-

317 1229 391 1293 eior
414 1228 474 1292 illa
490 1228 577 1306 Quae
598 1227 684 1290 mula
706 1239 779 1289 suut
792 1239 929 1310 spectes.
944 1229 1011 1288 tum
1027 1225 1185 1306 oblongus
1200 1227 1327 1313 ppetuu,
1344 1225 1431 1308 quod

318 1333 373 1393 est
380 1330 547 1416 praepetis
559 1352 569 1392 .·
583 1326 643 1392 sed
658 1326 831 1408 quadratus
846 1329 975 1412 praere.
991 1327 1023 1390 in
1039 1325 1211 1410 archetypo
1234 1332 1310 1411 puto
1332 1326 1431 1391 fuisse

318 1434 576 1501 <susurrans
603 1428 709 1494 deleto
731 1451 770 1505 1³3
792 1432 827 1491 ut
853 1428 1054 1492 scribendum
1085 1428 1126 1494 sit
1151 1451 1183 1492 ει
1211 1455 1305 1515 quam
1327 1451 1430 1492 rums

319 1557 360 1596 ae
382 1533 434 1596 ue'e
443 1581 452 1614 ,
468 1530 593 1596 usitatis
615 1535 646 1594 et
667 1529 803 1613 propriis
818 1530 1001 1595 vocabulis.
1017 1531 1178 1612 Vergilius
1194 1533 1294 1597 Multi
1310 1534 1399 1596 illem
1415 1558 1431 1598 e

318 1657 439 1721 meque
455 1635 550 1699 Lutr'o
574 1647 697 1719 totaque
711 1633 862 1718 petebant
885 1632 1004 1696 Itale'a.
1020 1632 1204 1715 Propertius
1220 1633 1296 1698 Cum
1321 1648 1348 1699 te
1368 1648 1431 1699 tam

318 1735 421 1800 multi
424 1747 586 1821 peterent,
602 1750 635 1800 tu
649 1760 697 1799 ure
712 1758 776 1797 uua
785 1734 915 1819 petisti.
932 1734 1064 1798 Plautus
1078 1735 1112 1798 in
1126 1733 1275 1799 Asinaria
1290 1757 1335 1818 111,
1351 1740 1377 1813 1,
1390 1741 1430 1804 38

320 1836 401 1901 Siue
428 1861 476 1900 me
498 1861 606 1901 amare
621 1861 717 1900 uuum
732 1837 973 1922 Arpprr'ppum,
990 1839 1094 1900 ausuri
1105 1861 1221 1917 rausa,
1238 1860 1328 1921 quem
1342 1836 1394 1900 uel
1423 1884 1431 1900 .

321 1934 461 2001 Ovidius
476 1956 618 2000 amorum
634 1960 654 2014 1,
670 1938 718 2014 10,
731 1942 773 2005 60
788 1961 883 2022 quam
898 1938 987 2001 rolur‘
994 1988 1002 2019 ,
1018 1952 1091 2001 ueta
1103 1937 1147 2022 fit
1161 1950 1228 2000 arte
1242 1960 1330 2001 meu.
1346 1935 1431 2001 idem

320 2039 356 2103 in
370 2061 405 2122 11,
423 2043 471 2122 19,
483 2042 503 2106 2
518 2039 559 2105 se·
570 2040 630 2103 ribi
643 2063 704 2103 uou
719 2063 798 2125 opus
813 2053 857 2103 est
871 2052 996 2103 servata
1008 2089 1017 2121 ,
1032 2040 1139 2119 stulte,
1151 2038 1280 2123 puella,
1296 2039 1340 2103 At
1354 2040 1436 2103 miti

311 2142 378 2229 fae
401 2166 525 2224 serves,
549 2164 610 2226 quo
631 2144 734 2226 mapie
756 2143 824 2227 ipse
845 2142 957 2205 uele'ru.
976 2139 1159 2223 Propertius
1181 2137 1214 2200 iu
1228 2161 1249 2218 1,
1265 2144 1313 2217 13,
1326 2145 1367 2208 36
1389 2142 1432 2204 Et

322 2255 530 2329 quotcumque
545 2241 648 2323 uoles,
664 2267 729 2306 una
748 2244 789 2306 sit
815 2245 876 2306 e'sta
892 2243 953 2306 aur·
961 2289 967 2304 .
984 2239 1059 2304 olim
1074 2240 1221 2324 impressi
1243 2267 1339 2328 quarn
1358 2267 1431 2328 per·

313 2347 425 2432 petra,
440 2340 582 2407 inaudito
599 2348 630 2408 et
642 2362 793 2426 perverso
809 2343 980 2426 vocabulo,
996 2342 1171 2408 Lambinus
1179 2347 1354 2430 percepta:
1368 2345 1433 2408 An-

320 2445 433 2510 tonius
454 2445 545 2510 Marii
567 2451 599 2510 et
618 2446 772 2511 Marullus
795 2450 1000 2510 servaverant
1018 2450 1197 2530 praepetis.

416 2550 507 2616 1156.
530 2547 625 2611 usse
651 2571 688 2611 ru
716 2569 907 2612 narrem.
928 2547 999 2611 Itali
1027 2553 1058 2611 et
1084 2547 1238 2611 Marullus
1265 2549 1299 2611 iu
1325 2569 1431 2611 naur-

320 2673 419 2714 uns.

414 2754 505 2820 1160.
528 2775 571 2816 ar
586 2774 766 2816 sosrrnr.
783 2754 831 2816 Ita
846 2750 975 2817 codices
991 2756 1132 2830 veteres,
1149 2771 1244 2833 quern
1260 2750 1432 2816 admodum

322 2854 486 2934 oblongus
507 2853 572 2919 fere
595 2855 713 2937 ubique
726 2857 837 2942 foetus
860 2852 987 2918 exhibet
1009 2873 1028 2916 a
1055 2872 1151 2916 manu
1173 2853 1379 2918 correctoris.
1398 2853 1432 2918 in

322 2955 501 3039 archetypo
517 2957 690 3041 exemplari
714 2962 833 3022 certum
857 2961 906 3019 est
919 2977 1055 3018 rumne
1080 2953 1178 3019 fuisse
1201 2955 1267 3020 sive
1279 2957 1431 3042 faetida.

321 3056 448 3122 seilicet
469 3058 595 3123 saeculo
617 3078 702 3138 nuno
724 3058 769 3121 ita
790 3056 917 3140 percari
931 3062 1077 3139 coeptum
1100 3063 1147 3120 est
1160 3081 1167 3121 ε
1182 3057 1377 3138 antiquiores
1399 3058 1432 3121 in

319 3139 443 3241 'quibus
464 3159 595 3225 vocibus
624 3165 655 3224 et
676 3185 710 3225 oe
732 3165 764 3223 et
786 3185 801 3224 e
823 3159 873 3223 vel
901 3183 938 3222 ee
960 3157 1143 3240 scripserint
1164 3158 1230 3222 dixi
1253 3158 1295 3223 ad
1317 3159 1432 3223 Gaium

322 3284 358 3340 11,
371 3267 414 3330 66
430 3281 460 3323 n.
474 3265 496 3328 4
510 3283 540 3345 p.
555 3266 615 3329 117
629 3311 636 3324 .
652 3261 685 3325 in
701 3261 868 3344 euangelio
884 3259 1035 3324 Iohannis
1049 3281 1093 3339 χι,
1105 3266 1146 3329 39
1168 3261 1249 3326 liber
1263 3260 1433 3325 Fuldensis

323 3368 356 3429 et
379 3363 477 3427 ueteri
498 3362 603 3426 Latini
627 3382 707 3444 quos
733 3363 799 3428 vidi
821 3365 975 3445 Domine,
997 3365 1063 3426 iam
1076 3365 1159 3446 fetet
1170 3413 1178 3444 ‚
1199 3363 1432 3427 Laurentianus

313 3467 440 3553 faetet.
460 3470 551 3530 vetus
579 3463 685 3528 Plauti
715 3464 748 3527 in
778 3463 897 3529 Casina
916 3486 962 3542 111,
974 3469 1004 3540 6,
1019 3469 1036 3532 7
1054 3466 1154 3550 fetet.
1181 3465 1267 3549 apud
1294 3466 1433 3531 Nonium

323 3567 524 3632 Basilienses
538 3586 569 3648 p.
582 3569 655 3641 394,
670 3568 709 3633 16
720 3567 884 3652 fetidum,
899 3587 930 3649 p.
942 3570 1015 3648 413,
1029 3572 1048 3634 8
1061 3567 1224 3652 foetidum
1238 3618 1246 3650 ,
1262 3589 1293 3651 p.
1306 3574 1379 3646 536,
1392 3573 1434 3636 20

313 3669 463 3756 fetidos:
478 3667 563 3751 apud
586 3667 949 3751 annumerasset
965 3668 1126 3732 Mereerus
1132 3670 1243 3753 fetide
1264 3669 1433 3754 (Basilien-

324 3791 379 3837 ses
393 3770 538 3858 foetida)
551 3769 777 3856 semisurda,
793 3773 825 3831 et
846 3789 877 3851 p.
891 3773 942 3845 63,
956 3773 996 3836 26
1020 3768 1289 3852 Guelferbytanus
1311 3775 1342 3832 et
1361 3769 1433 3832 Lei·

324 3872 436 3939 densis
449 3873 593 3960 fetutina
605 3921 613 3953 ,
630 3868 686 3933 ubi
708 3869 902 3935 Basilienses
923 3870 1041 3934 habent
1064 3896 1116 3936 oe.

412 3976 505 4041 1168.
528 3972 716 4036 urrunnu
751 3994 793 4033 ur
821 3978 1001 4035 uannosn
1031 3994 1142 4036 canus
1176 3995 1239 4035 usu
1272 3994 1354 4036 resa
1387 3995 1432 4035 aa

323 4096 487 4138 rucene.
503 4073 670 4154 Oblongus
696 4088 793 4138 aerest
821 4076 895 4160 epse
916 4077 954 4139 ab
977 4077 1087 4139 tache.
1108 4074 1269 4139 Arnobius
1296 4074 1377 4139 libro
1397 4097 1434 4138 111

322 4177 672 4261 p.105Hauetaue'rnus
684 4190 777 4262 atque
790 4175 881 4240 ardet
891 4178 925 4241 e‘u
933 4177 1115 4242 adaleidiee'a
1127 4179 1194 4242 illie
1204 4179 1329 4263 mappis
1341 4191 1433 4263 atque

322 4283 358 4344 e‘u
366 4280 503 4365 palatius
514 4279 597 4343 caeli
606 4278 678 4343 deos
685 4277 821 4362 deasque
829 4280 1007 4364 conspicere
1018 4280 1139 4342 iuteetia
1148 4280 1330 4365 corporibus
1341 4292 1434 4364 atque

322 4380 437 4457 uades,
450 4381 489 4444 ab
501 4380 614 4445 Iaccho
622 4380 777 4461 Cererem,
789 4404 881 4443 musa
891 4394 926 4444 ut
932 4379 1100 4466 praedicat
1111 4380 1274 4462 Lucretia,
1286 4404 1432 4444 mummo-

322 4507 393 4547 sam
407 4531 414 4545 .
429 4479 516 4545 idom
531 4479 565 4544 in
575 4503 609 4543 vr
620 4488 651 4565 p.
664 4484 727 4549 209
744 4481 836 4546 Ceres
848 4485 992 4546 mammis
1004 4507 1073 4546 eune
1082 4481 1258 4569 praedibus
1271 4532 1278 4545 .
1296 4480 1348 4561 qui
1361 4479 1388 4543 si
1399 4479 1432 4540 in

321 4601 437 4648 versus
464 4581 554 4646 initio
577 4583 622 4647 At
641 4585 769 4667 pemr‘na
797 4581 949 4665 seriptum
970 4581 1164 4666 invenisset,
1186 4602 1268 4665 quae
1294 4578 1432 4645 Tumebi

322 4682 509 4752 emendatio
535 4689 584 4750 est
604 4683 645 4749 ab
667 4683 814 4748 omnibus
835 4684 989 4768 probata,
1010 4685 1071 4749 hoe
1093 4703 1220 4768 quoque
1243 4681 1433 4767 cognomine
