3509 5442
319 584 382 651 228
851 574 896 640 Ν

322 772 381 818 neo
402 751 569 817 verborum
596 746 674 812 ordo
696 746 814 830 patitur
835 764 895 810 neo
917 743 963 808 rei
985 742 1086 822 ratio,
1112 762 1208 826 quam
1231 742 1367 827 exposui
1386 740 1422 805 ad

322 874 448 920 versum
470 858 550 921 166.
572 855 666 934 polita
691 848 822 931 dignum
853 852 900 913 est
922 846 1039 914 Sidera
1066 845 1256 931 respondent
1284 848 1320 910 in
1346 869 1423 930 aqua

323 957 488 1022 radiantia
510 973 659 1017 nunno.
1243 1037 1248 1041 .

409 1062 482 1127 216.
505 1078 594 1119 urna
616 1075 803 1117 rnrnrnn.
824 1054 861 1117 ln
884 1052 964 1116 libro
988 1056 1098 1137 sexto,
1114 1050 1169 1114 ubi
1190 1051 1224 1115 hi
1246 1069 1361 1117 versus
1382 1068 1423 1114 re

325 1166 453 1226 currunt
464 1193 477 1244 ,·
489 1162 552 1228 922
574 1178 679 1219 nrrrr
701 1162 756 1220 ant
779 1162 863 1222 certe
885 1157 973 1220 mr'tr'.

408 1267 480 1331 218.
504 1262 777 1329 Pnnrnruooun
807 1280 974 1323 rncnnr.
998 1258 1034 1321 ln
1056 1264 1146 1323 sexto
1176 1278 1341 1320 rnuunr.
1362 1276 1424 1321 ver·

323 1384 394 1431 sum
415 1363 594 1447 proximum
608 1360 732 1426 Nonius
753 1381 771 1426 e
787 1362 867 1426 libro
890 1375 1002 1447 quarto
1018 1358 1137 1444 profert
1152 1381 1181 1443 p.
1194 1363 1269 1442 247,
1285 1361 1324 1424 11
1338 1408 1346 1435 ,
1362 1357 1424 1422 sine

323 1466 395 1531 libri
417 1483 549 1529 numero
564 1485 595 1547 p.
607 1468 680 1542 310,
692 1468 753 1531 33.

408 1572 481 1636 220.
505 1589 649 1630 nxnsorr
670 1586 898 1633 unonorun.
921 1565 957 1629 In
981 1570 1070 1630 sexto
1092 1584 1318 1628 nonnorrurr.

408 1674 480 1739 223.
504 1691 716 1740 ornurnoun
733 1689 896 1731 oonrnn.
912 1667 1001 1731 Haeo
1011 1688 1076 1732 una
1091 1687 1162 1732 cum
1177 1685 1274 1731 versu
1285 1665 1423 1750 proximo

324 1798 363 1838 ea
382 1794 414 1834 rv
439 1773 584 1836 Lucretii
610 1769 733 1836 Gellius
758 1769 924 1853 proposuit
951 1769 985 1833 in
1012 1769 1092 1833 libro
1109 1792 1129 1851 1,
1142 1772 1204 1834 21.
1225 1768 1360 1834 Servius
1387 1767 1425 1832 ad

323 1874 497 1955 georgicon
512 1895 544 1955 11,
557 1876 619 1940 247
641 1873 800 1937 Amaror.
816 1871 1015 1936 amaritudo.
1033 1885 1062 1936 et
1083 1885 1128 1936 est
1149 1896 1249 1936 sermo
1265 1872 1411 1936 [amelii
1418 1919 1424 1934 .

408 1979 480 2043 228.
504 1977 576 2041 229.
599 1975 795 2038 Pnnrnruo
825 1993 993 2043 Quonrnn
1016 1995 1195 2037 snnrrncs
1212 2024 1220 2051 ‚
1240 1994 1286 2036 nr
1314 1994 1425 2036 orrum

325 2100 465 2142 SEMPER
494 2076 666 2141 OERNERE
696 2097 861 2139 ODORARI
883 2098 991 2139 Licnn
1017 2098 1062 2139 ΕΤ
1085 2065 1241 2139 snnnlnlo
1263 2097 1424 2140 BONARE.

323 2181 444 2245 Horum
466 2197 614 2244 versuum
636 2177 722 2262 prior
749 2173 843 2243 etad
869 2196 936 2241 rem
959 2177 1238 2243 demonstrandam
1262 2177 1379 2243 sufficit
1399 2182 1426 2241 et

271 2277 273 2282 ⁴
323 2281 519 2347 verissimam
552 2284 692 2361 praestat
723 2278 937 2345 sententiam:
967 2285 1120 2365 perpetuo
1159 2279 1244 2344 enim
1283 2278 1426 2344 sensibus

323 2383 458 2460 utimur,
475 2399 578 2461 neque
602 2380 770 2462 quiequam
794 2385 843 2445 est
865 2380 953 2463 quod
974 2381 1081 2463 aliquo
1105 2387 1247 2465 tempore
1269 2400 1337 2446 non
1360 2401 1426 2446 sen-

323 2485 437 2550 tiatur.
459 2484 516 2548 sed
545 2502 656 2548 versus
685 2483 767 2548 alter
793 2483 899 2547 omnia
925 2483 1092 2566 pervertit.
1116 2503 1190 2546 nam
1218 2503 1292 2548 oum
1319 2502 1425 2549 verum

324 2587 365 2653 sit
387 2585 493 2650 omnia
518 2603 644 2668 semper
665 2584 798 2664 sentiri,
818 2584 1023 2650 falsissimum
1051 2591 1100 2650 est
1121 2588 1227 2651 omnia
1248 2611 1373 2673 semper
1393 2585 1426 2649 li·

323 2708 396 2754 cere
424 2705 555 2753 cernere
582 2685 709 2750 odorari
741 2693 774 2752 et
800 2687 917 2752 sentire
946 2707 1086 2766 sonare,
1108 2687 1200 2769 quasi
1233 2706 1347 2752 omnes
1379 2706 1426 2751 res

323 2791 469 2855 omuibus
492 2788 640 2854 sensibus
660 2787 781 2872 percipi
802 2789 948 2872 possint.
972 2788 1088 2855 deinde
1110 2808 1180 2853 cum
1202 2788 1236 2853 in
1259 2788 1426 2871 superiori·

322 2894 382 2959 bus
405 2910 520 2958 sensus
536 2890 678 2973 singulos
698 2897 996 2970 commemorasset,
1011 2891 1134 2970 risum,
1150 2890 1315 2970 auditum,
1332 2890 1426 2955 olfac·

322 2999 408 3072 tum,
429 2999 567 3075 tactum,
585 2999 712 3074 gustum
728 3041 736 3076 ‚
759 2992 848 3056 cuius
869 2991 980 3057 iudicii
995 2998 1063 3072 est,
1079 2992 1134 3056 ubi
1149 2992 1255 3058 omnia
1271 2992 1426 3076 complec-

322 3093 418 3161 tenda
435 3100 523 3173 sunt,
540 3099 668 3175 gustum
686 3093 849 3158 omitteret
866 3114 962 3175 quam
976 3094 1099 3178 puerile
1116 3101 1240 3179 autem,
1256 3099 1425 3178 postquam

322 3200 436 3262 serrare
458 3196 498 3262 de
524 3200 609 3259 tactu
630 3194 747 3259 dictum
772 3201 820 3260 est
841 3195 887 3281 (in
914 3195 998 3259 huno
1019 3215 1148 3262 sensum
1171 3197 1255 3263 enim
1278 3199 1426 3262 sentimur

321 3297 385 3361 iam
406 3296 541 3360 coartari
564 3295 695 3383 debet),
719 3298 761 3363 de
783 3297 893 3362 auditu
914 3298 1027 3363 iterum
1049 3298 1162 3363 eodem
1183 3297 1340 3363 vocabulo
1363 3297 1423 3374 uti,

321 3400 436 3463 naurire
457 3399 593 3462 sorore!
608 3397 670 3462 hoc
693 3419 764 3464 cum
786 3399 901 3464 durum
923 3398 1074 3480 loquendi
1100 3419 1203 3482 genus
1223 3399 1362 3464 Marullo
1383 3398 1425 3463 vi-

322 3498 449 3562 deretur
478 3495 634 3580 (duritiae
664 3521 793 3567 eausam
822 3521 980 3587 exponam
1007 3520 1081 3564 mox
1108 3499 1150 3564 ad
1176 3519 1305 3566 versum
1323 3500 1422 3586 244),

321 3598 449 3683 scripsit
477 3613 505 3664 et
530 3604 644 3667 sentr‘ra
672 3626 812 3670 sonarem
832 3655 840 3688 ,
863 3603 1037 3669 Lambinus
1060 3608 1186 3681 autom,
1207 3622 1248 3667 ne
1270 3602 1321 3668 bis
1343 3601 1423 3667 idem

320 3704 454 3769 verbum
480 3707 589 3782 esset,
609 3705 762 3772 reaudire
791 3731 931 3773 sororem
951 3754 958 3769 .
980 3705 1038 3770 sed
1065 3704 1216 3788 qnoniam
1243 3704 1350 3786 neque
1378 3704 1424 3768 bis

320 3805 453 3869 multum
480 3803 662 3887 proficimus
686 3811 716 3870 et
743 3806 777 3871 in
799 3808 881 3872 libro
904 3813 993 3873 sexto
1009 3811 1071 3875 933
1094 3807 1201 3870 omnia
1226 3803 1268 3869 ad
1290 3805 1424 3870 litteram

320 3905 431 3970 eadem
454 3911 542 3983 sunt,
557 3906 673 3974 rectius
694 3907 836 3973 dicemus
850 3908 934 3972 hunc
947 3926 1075 3973 versum
1090 3908 1132 3972 ab
1148 3927 1187 3973 eo
1198 3907 1423 3990 interpolatore

320 4004 480 4072 adiectum
502 4026 595 4088 esse,
612 4027 707 4090 quem
729 4009 792 4073 iam
814 4010 1006 4094 aliquotiens
1028 4015 1128 4075 artem
1147 4013 1260 4095 poetae
1283 4028 1349 4074 non
1371 4009 1424 4075 arl-

320 4112 462 4171 secutum
484 4107 640 4174 vidimus.

403 4213 476 4278 235.
501 4210 706 4276 Connovnr
734 4236 777 4277 nr
803 4237 840 4278 ru
863 4236 1064 4278 rnnnunrs.
1087 4213 1124 4276 In
1152 4217 1289 4295 utroque
1315 4214 1423 4280 codice

320 4327 447 4375 erasum
467 4332 530 4374 nr.

404 4415 477 4479 237.
501 4434 589 4483 oum
612 4438 798 4483 rnorrrr.
817 4419 854 4482 ln
877 4419 1017 4501 oblongo
1039 4418 1156 4484 laetum
1178 4437 1252 4487 oon
1267 4433 1421 4506 propter.

403 4517 476 4583 240.
499 4536 638 4581 nnorrn
654 4567 660 4582 .
677 4520 832 4587 Marullus
851 4542 985 4584 nrnrrn

404 4620 476 4685 244.
513 4639 629 4683 rnnao
661 4621 814 4700 Esrrcrr
847 4645 892 4686 ur
926 4643 1113 4686 vrnnnrrus
1147 4641 1190 4684 nr
1218 4643 1422 4689 rnrnnnos·

319 4737 409 4783 aran
442 4740 583 4785 currr.
609 4723 766 4791 Infinitiro
797 4724 964 4791 Lucretius
996 4743 1094 4810 saepe
1126 4722 1223 4789 utitur
1252 4744 1313 4807 pro
1347 4745 1423 4792 casu
