3509 5442
850 545 894 610 IV
1362 551 1426 617 249

318 713 470 780 Lucretio
492 713 623 800 dignum
646 714 811 796 sitneque
834 734 853 776 a
875 710 942 778 veri
962 712 1167 777 similitudine
1189 713 1349 794 alienum,
1365 716 1427 782 nisi

320 816 380 882 hee
394 867 403 896 ,
419 819 514 884 Naar
529 820 605 884 aliis
616 818 702 883 alias
717 819 828 902 quisti
844 819 1071 882 cibasusrcus
1086 838 1201 880 arnus
1213 818 1404 903 Espcdr'am.

408 922 482 986 636.
504 921 709 990 Tarracon
733 941 791 982 rr1s
822 940 937 982 asans
964 938 1164 980 nrsrnurra
1186 940 1427 982 nrrrnnrras-

322 1041 393 1090 cnn
417 1037 502 1084 nsr.
523 1020 710 1086 Rectissime
737 1020 823 1104 apud
848 1018 988 1085 Nonium
1004 1039 1034 1101 p.
1047 1024 1098 1101 95,
1111 1025 1153 1088 30
1179 1039 1243 1083 non
1270 1019 1364 1084 modo
1391 1045 1427 1084 ru

321 1120 370 1184 lab
393 1121 486 1185 rebus
509 1122 659 1206 scriptum
682 1127 751 1199 est,
767 1120 826 1186 sed
849 1122 943 1187 etiam
966 1119 999 1182 in
1021 1118 1083 1185 fine
1106 1121 1258 1187 omissum
1280 1144 1363 1185 nsr:
1383 1123 1428 1189 ita

322 1219 407 1286 enim
430 1222 544 1287 melior
564 1223 598 1289 fit
612 1223 815 1307 compositio.
832 1228 881 1288 est
903 1227 1008 1286 autem
1030 1221 1172 1288 adhunc
1187 1243 1313 1289 versum
1335 1244 1353 1290 e
1376 1245 1428 1290 sn-

321 1323 458 1407 periore'
471 1324 649 1397 iterandum
671 1328 713 1391 sit
724 1375 732 1408 ,
749 1323 836 1407 qnod
858 1325 935 1389 latet
956 1322 989 1386 in
1008 1326 1151 1410 possit:

408 1431 483 1495 637.
506 1428 559 1494 Ur
590 1447 689 1498 ouon
717 1447 814 1489 snrrs
844 1448 949 1490 ornus
977 1448 1041 1489 nsr
1069 1448 1167 1489 anns
1194 1450 1312 1493 rnusr
1334 1453 1428 1494 sona

322 1550 497 1593 vsuuuuu
510 1527 715 1607 ,Quadratus
737 1530 776 1594 Ut
788 1528 873 1614 quod
883 1529 968 1592 ultas
979 1530 1074 1614 cybus
1087 1542 1130 1593 est
1142 1531 1307 1617 ‹tlirbfiat.
1324 1533 1357 1598 in
1373 1532 1429 1597 ub·

322 1632 421 1713 longo
444 1636 530 1697 recte
556 1629 673 1695 factum
696 1652 809 1694 ruer.
831 1628 985 1693 Marullus
1014 1631 1053 1694 Ut
1075 1633 1134 1714 qui
1156 1633 1232 1696 alib
1254 1637 1341 1700 cibus
1364 1649 1408 1700 ert
1419 1686 1427 1718 ‚

322 1733 423 1798 multo
453 1738 538 1799 certe
561 1731 694 1815 peritius
723 1753 817 1815 quam
845 1730 961 1808 ceteri,
984 1731 1037 1814 qui
1065 1738 1120 1796 aut
1145 1735 1208 1797 ulis
1237 1735 1429 1819 scripserunt

322 1841 378 1900 aut
400 1837 477 1901 aliu
491 1834 675 1920 disyllabon
697 1853 769 1900 esse
792 1853 888 1918 posse
904 1833 1141 1898 existimarunt.
1158 1835 1359 1903 scribendum
1381 1844 1430 1903 est

322 1960 404 2021 sur,
421 1936 509 2019 quod
522 1937 641 2002 habent
654 1938 858 2002 membranae
881 1935 915 1999 in
930 1958 972 2019 vr,
988 1939 1068 2003 1227
1082 1987 1089 2015 ‚
1105 1939 1189 2002 Nam
1205 1940 1292 2025 quod
1311 1942 1360 2006 oli
1380 1942 1429 2007 de-

324 2040 415 2106 derat
428 2086 434 2098 -
449 2038 483 2103 in
497 2038 606 2103 tabula
620 2037 829 2104 Heracleensi
842 2043 883 2106 98
900 2040 999 2104 oleicc
1022 2041 1099 2124 quoi
1110 2066 1192 2127 may.
1209 2043 1351 2130 royorrdo
1372 2046 1429 2108 sub

324 2141 503 2228 royaadovc
515 2190 522 2206 .
537 2140 719 2206 Priscianus
730 2160 761 2224 p.
771 2143 853 2209 1014
865 2140 970 2205 Aliter
981 2165 1118 2227 quoquc,
1132 2144 1171 2206 ab
1183 2167 1217 2208 co
1229 2145 1315 2229 qaod
1325 2136 1369 2211 est
1379 2148 1430 2212 bic

324 2245 403 2326 alab,
416 2244 510 2308 baias
522 2244 597 2327 alis,
609 2245 682 2309 baio
693 2243 743 2307 ali
749 2293 758 2325 ‚
768 2267 831 2329 pro
848 2242 1029 2306 aliaeeliae
1041 2242 1115 2308 alii.
1126 2243 1161 2307 iu
1176 2244 1311 2310 aliorum
1323 2251 1430 2330 poeta-

324 2366 396 2410 rum
423 2344 569 2409 versibus
597 2343 797 2429 trisyllabum
828 2343 930 2407 solum
958 2341 1110 2423 invenio,
1134 2365 1196 2426 quo
1225 2353 1330 2413 tamen
1358 2349 1430 2434 ipso

324 2452 457 2513 utuntur
477 2446 590 2529 pauci.
606 2445 747 2512 Naevius
763 2444 848 2528 apud
862 2445 997 2509 Paulum
1017 2445 1097 2510 libro
1114 2470 1125 2509 1
1140 2467 1180 2511 ex
1195 2450 1311 2530 Festo,
1326 2452 1360 2517 in
1374 2455 1430 2518 ad-

324 2551 444 2631 aictat,
459 2549 530 2613 Alii
550 2548 703 2630 adnatat,
719 2547 781 2611 alii
799 2547 956 2630 adccr'ctat,
973 2549 1073 2612 aliam
1088 2564 1192 2633 amat,
1209 2554 1309 2618 aliam
1331 2569 1431 2640 teact,·

325 2651 444 2736 quibus
467 2670 549 2732 quae
570 2649 713 2717 Isidorus
728 2647 816 2712 addit
838 2648 917 2729 orig.
933 2671 954 2731 1,
967 2653 1029 2727 25,
1046 2668 1085 2713 ea
1099 2669 1163 2712 non
1182 2657 1312 2734 tangere
1335 2656 1431 2721 tntins

324 2759 393 2820 est.
410 2750 578 2818 Terentius
593 2750 627 2814 in
642 2751 770 2835 Hecyra
785 2773 818 2830 11,
831 2754 860 2829 2,
873 2756 914 2819 28
930 2750 1036 2815 Aliud
1046 2751 1192 2837 fortasse
1213 2756 1277 2820 alii
1294 2760 1355 2821 ccii
1372 2773 1430 2823 cst.

325 2880 371 2936 111,
384 2861 415 2936 5,
427 2859 469 2925 59
485 2866 519 2919 at
533 2854 596 2918 olc'c'
603 2903 612 2936 ‚
628 2855 661 2918 si
668 2855 744 2930 duic
759 2877 821 2918 boa
836 2867 901 2935 cst,
917 2856 994 2919 ciet.
1016 2853 1166 2918 Horatius
1181 2855 1230 2921 bis
1245 2858 1339 2923 Nunc
1354 2862 1436 2926 milri

325 2956 500 3024 cancelii:
514 2954 600 3019 idem
614 2956 662 3020 Tu
674 3003 682 3037 ,
696 2956 778 3020 milri
786 2957 845 3040 qui
852 2957 1016 3042 impercias
1026 3005 1034 3037 ,
1048 2958 1110 3021 alii
1118 2961 1217 3022 seruis
1228 2961 1341 3025 miser.
1358 2959 1433 3026 Ovi-

326 3060 399 3126 dius
415 3060 478 3125 alc'i
485 3057 625 3122 reddare
637 3055 773 3140 epistula
788 3079 817 3135 V,
830 3061 871 3125 59
885 3105 892 3120 .
908 3057 972 3121 alii
983 3055 1131 3122 Manilius
1146 3081 1192 3138 111,
1205 3066 1267 3143 80,
1283 3063 1432 3128 Lucanus

327 3185 396 3242 vm,
407 3163 471 3231 642
486 3182 529 3242 rx,
545 3163 646 3227 1053.
663 3158 796 3223 Plautus
810 3157 843 3221 in
854 3157 952 3223 Milite
967 3181 1010 3238 1v,
1023 3165 1053 3239 8,
1065 3163 1106 3226 47
1122 3161 1165 3223 Et
1181 3163 1225 3226 ito
1240 3167 1272 3228 sr'
1280 3168 1433 3230 coruscatio

328 3277 406 3331 essct
415 3312 425 3347 ‚
442 3264 501 3328 abi
512 3263 631 3327 servire
653 3262 756 3326 malai
769 3261 870 3325 Multo
887 3286 982 3346 quom
998 3263 1062 3327 alii
1079 3265 1208 3330 libertus
1225 3291 1309 3331 esse.
1325 3250 1433 3333 habeto

328 3369 469 3431 animam
491 3365 622 3427 donam.
640 3381 832 3444 quamquam
847 3362 927 3427 haec
943 3367 1046 3429 utrum
1061 3364 1105 3430 ita
1120 3371 1154 3429 nt
1165 3365 1280 3450 scripsi
1294 3367 1434 3452 legenda

328 3468 389 3533 sint
412 3485 477 3531 non
499 3464 576 3530 satis
600 3469 745 3531 constare
766 3470 864 3548 puto:
882 3484 955 3528 nam
977 3472 1068 3532 vetus
1084 3468 1257 3533 Camerarii
1279 3469 1375 3536 habet
1397 3475 1433 3537 li-

328 3571 477 3649 bcrtcair,
493 3564 580 3650 quod
601 3565 647 3630 ita
668 3566 889 3651 accipiendum
912 3574 961 3632 est
982 3574 1017 3633 ut
1038 3567 1122 3635 dicat
1144 3590 1179 3636 sc
1202 3571 1292 3636 militi
1314 3574 1434 3639 servire

328 3671 599 3752 maluisse'quam
621 3668 703 3734 alios
725 3668 879 3735 Libertati
901 3671 1003 3737 deae.

414 3777 487 3842 638.
510 3772 583 3836 Esr
613 3794 751 3843 rrsoun
774 3795 818 3836 ur
842 3795 1023 3852 sensnm,
1047 3796 1200 3839 uoururs
1224 3797 1294 3846 oon
1318 3797 1434 3841 ruera

328 3898 476 3943 ssnrvrs
491 3875 670 3939 Drsrnnrr
685 3923 691 3938 .
707 3874 906 3942 Wakefieldo
928 3877 1033 3942 indice
1054 3877 1104 3942 his
1125 3876 1203 3941 nihil
1218 3876 1342 3944 facilius
1366 3883 1434 3957 est,

327 3982 386 4046 Est
410 3981 536 4067 itaque,
552 3992 586 4044 at
608 3978 679 4062 (ubi
688 4027 696 4061 ,
712 3980 762 4045 rel
776 3980 916 4065 quaudo)
933 4005 1078 4067 serpens,
1095 4006 1175 4066 quoe
1191 3994 1274 4045 tacta
1293 3995 1337 4046 est
1359 3982 1434 4047 soli·

326 4086 375 4150 urb
390 4084 546 4165 bmnrbr's,
563 4081 715 4167 disperit.
732 4081 843 4160 nobis,
861 4082 916 4164 qui
927 4082 1058 4147 deorum
1071 4102 1248 4148 sermonem
1264 4102 1304 4148 ne
1320 4082 1347 4148 si
1359 4084 1436 4148 For-

327 4186 420 4270 biger
442 4183 571 4268 quidem
593 4177 769 4270 ὑποφήτης
791 4183 846 4248 fiat
868 4184 1100 4266 intellegimus,
1122 4190 1176 4248 aut
1199 4187 1304 4272 itaque
1326 4191 1381 4249 aut
1403 4200 1437 4250 at

327 4305 603 4371 supervacaneum
626 4307 718 4366 esse,
735 4293 903 4369 utrumque
924 4293 1027 4352 antem
1045 4287 1245 4354 coniunctum
1262 4288 1440 4379 orationem*

327 4391 455 4458 videtur
481 4392 666 4478 perturbare
678 4414 687 4470 ;
707 4410 764 4474 pro
788 4389 903 4472 quibus
931 4390 958 4456 si
986 4390 1160 4457 scribemus
1187 4394 1245 4457 Est
1271 4414 1435 4464 nnrounn

327 4509 363 4561 cr
372 4519 515 4581 serpente,
532 4493 609 4559 nihil
623 4493 779 4579 supererit
789 4493 824 4558 in
836 4513 899 4576 quo
911 4493 1113 4560 haereamus.
1127 4497 1270 4583 ab'qrrnc,
1286 4495 1435 4577 inquam,

326 4617 395 4662 non
410 4597 540 4684 aliqua,
556 4617 597 4663 ex
618 4617 679 4662 usu
694 4596 852 4664 Lucretii.
868 4616 966 4679 supra
978 4602 1040 4666 263
1059 4597 1188 4664 codices
1203 4613 1362 4683 tamquam
1377 4595 1435 4659 alr·-

327 4724 390 4789 qac
413 4723 463 4766 res
486 4702 646 4769 Verberet.
662 4701 777 4770 Festus
787 4720 818 4788 p.
831 4703 916 4786 254,
931 4703 973 4770 28
995 4701 1162 4786 Qabpiom
1184 4702 1260 4787 qaia
1284 4697 1437 4785 siyaificct
