3509 5442
788 546 834 613 IV
1301 556 1366 625 w

339 719 416 784 607.
439 716 542 781 Esco
573 739 791 782 anrnrurua
812 740 908 783 noes
931 741 1115 800 vocibus,
1141 744 1278 788 snum
1299 746 1362 790 an·

255 839 322 882 rao
348 816 473 884 Ouum
504 840 602 890 Quen
630 842 766 884 crucum
794 842 984 885 runnuur.
1009 825 1150 889 Fuerunt
1176 825 1363 907 quieceret

254 937 372 1004 sensu,
389 921 545 999 Marullus
560 921 687 1006 scripsit
690 925 839 1010 fuerint,
856 922 943 1005 quod
957 924 1085 990 estsere
1100 940 1191 992 eruar
1203 926 1255 992 vel
1270 942 1343 993 sans
1351 977 1362 1013 ‚

253 1022 303 1087 vel
325 1021 436 1106 potius
458 1048 524 1089 erae
540 1039 694 1110 pereant.
714 1024 771 1089 sed
798 1023 859 1089 hoc
880 1050 961 1112 qaae
973 1028 1103 1112 fuera‘at
1123 1029 1200 1093 mihi
1220 1029 1308 1095 iners
1330 1034 1363 1095 et

254 1124 424 1189 molestum
438 1124 582 1190 videtur.
597 1125 712 1190 melius
733 1131 782 1191 est
802 1130 838 1189 ut
856 1125 897 1189 de
911 1129 1036 1193 vocetur
1051 1129 1131 1196 haec
1144 1130 1362 1214 accipiuntur,

253 1225 364 1290 abdite
384 1241 469 1292 retro
492 1228 606 1294 Omnia
628 1253 709 1314 quae
731 1230 850 1291 meeum
872 1248 1051 1293 remuur.

339 1333 414 1398 609.
438 1351 496 1392 vrs
522 1351 730 1393 nnancms:
756 1329 907 1413 Impressi
933 1352 1005 1394 vus
1025 1380 1031 1395 .
1054 1332 1111 1398 sed
1142 1332 1279 1417 imperiti
1311 1336 1360 1399 est

252 1429 394 1495 scribere
415 1430 563 1514 directas,
585 1430 785 1495 Wakefieldo
808 1430 879 1496 solo
902 1429 1034 1514 dignum
1056 1435 1095 1500 de
1116 1437 1228 1500 reeta.
1252 1436 1360 1521 deripe

251 1531 371 1620 deripit
393 1532 541 1599 dereeere
563 1532 728 1598 derexerat
749 1533 950 1621 derectaeque
971 1533 1132 1600 Mediceus
1153 1535 1287 1619 Vergilii
1307 1555 1360 1601 cc·

251 1631 314 1698 dex
339 1633 488 1714 sexiens,
504 1654 564 1700 nec
586 1633 716 1718 saepius
737 1634 823 1699 idem
845 1635 950 1724 diripe
964 1637 1093 1724 diripite
1115 1636 1254 1725 diripere
1277 1640 1358 1706 dire-

249 1739 299 1801 πίε
317 1736 462 1803 direxti.

337 1842 412 1908 610.
436 1859 601 1902 onsurae
635 1859 733 1902 anuo
765 1838 886 1905 Serre
917 1861 1032 1903 surae
1066 1861 1172 1904 rorrs
1201 1864 1286 1920 aar,
1313 1865 1357 1908 ur

250 1963 371 2006 vocrs
394 1962 577 2005 lcumena
599 1962 740 2005 exure.
764 1941 918 2006 Marullus
941 1940 1029 2006 nulle
1057 1961 1153 2008 sensu
1176 1943 1216 2010 Se
1237 1970 1356 2032 supra,

249 2064 357 2126 neque
373 2043 489 2109 suffieit
504 2043 620 2129 Saepta
635 2067 735 2128 supra
750 2041 962 2107 Wakefieldi.
978 2048 1073 2127 poeta
1088 2044 1164 2109 alibi
1175 2071 1235 2133 per
1249 2062 1359 2134 saepta

250 2144 350 2223 dixit,
367 2146 465 2210 semel
487 2148 569 2211 ieter
591 2159 700 2231 saepta
713 2168 722 2208 :
737 2143 789 2210 hie
803 2144 929 2209 videtur
951 2145 1118 2229 scripsisse
1133 2147 1281 2212 Smper
1304 2171 1357 2211 ru-

249 2268 339 2327 rau,
357 2246 433 2329 quia
454 2247 648 2330 sequebatur
669 2259 760 2311 eerre
782 2251 814 2310 et
835 2245 920 2311 male
943 2246 1078 2311 sonabat
1092 2249 1210 2336 Saepta
1230 2253 1335 2316 tarra.

336 2352 410 2418 612.
433 2371 510 2414 unu
537 2369 691 2412 rususrr
719 2368 880 2413 cneuss.
903 2349 1038 2416 Versum
1065 2350 1099 2414 in
1125 2349 1188 2416 fine
1213 2350 1356 2416 mutilum

249 2450 402 2535 supplere
416 2450 511 2516 facile
526 2470 697 2535 possumus
720 2468 760 2514 ex
781 2449 863 2514 libro
879 2475 900 2530 1,
913 2456 996 2531 354,
1011 2452 1066 2517 ubi
1082 2459 1131 2519 est
1145 2454 1233 2519 Inter
1247 2467 1358 2540 saepta

248 2567 355 2619 mearat
376 2577 463 2619 voees
485 2568 514 2619 et
535 2555 646 2618 elaeae
660 2572 841 2616 nouorum
859 2555 1114 2620 Transvoletaat.
1134 2554 1272 2640 pessime
1286 2554 1358 2620 Itali

248 2656 361 2720 elaeae
384 2655 551 2736 (Marullus
572 2653 726 2740 claustra)
748 2657 893 2719 viarum.

334 2761 408 2826 615.
431 2757 509 2821 Hoc
533 2779 596 2828 eur
619 2775 798 2821 snumuus
822 2778 1122 2835 sucuu,n1uaus
1151 2779 1272 2829 araur
1294 2779 1357 2821 re-

248 2881 375 2927 nerum
388 2862 612 2925 Pnuscunuu
627 2881 771 2923 narrar
793 2883 830 2922 ru
853 2883 893 2923 sn
908 2880 1081 2924 ruricius
1104 2881 1193 2923 reus
1216 2881 1354 2924 ornan.

247 2965 319 3029 Hoc
333 2960 540 3027 falsissimum
562 2965 610 3025 est
633 2966 664 3026 et
686 2967 795 3046 aperte
810 2967 968 3046 repugnat
989 2961 1094 3027 versui
1110 2965 1192 3044 522,
1210 2961 1356 3044 quamvis

248 3065 365 3150 probet
390 3062 609 3130 Wakefieldus
635 3083 706 3128 cum
729 3064 853 3130 familia
874 3085 952 3130 sua.
978 3063 1160 3129 laudandus
1189 3082 1268 3144 erge
1289 3063 1356 3129 Ma-

248 3167 372 3244 rullus,
388 3165 443 3247 qui
465 3163 592 3248 scripsit
612 3165 643 3229 N
646 3187 689 3228 ne
717 3167 787 3252 quia
815 3169 983 3232 sentimus.
1004 3185 1078 3231 nam
1101 3190 1155 3231 aec
1172 3165 1356 3252 plusculam

249 3275 299 3335 est
320 3287 382 3332 nec
403 3265 532 3330 minime
554 3266 646 3348 plus.
662 3266 762 3331 Varro
785 3267 826 3332 de
846 3289 880 3333 re
901 3268 1109 3348 rustican,i‚
1124 3272 1163 3336 10
1186 3266 1263 3333 Oura
1285 3292 1355 3333 eoe-

248 3384 397 3460 eeperaet
413 3393 509 3456 equae
520 3416 529 3450 ‚
544 3367 714 3433 uidendum
736 3393 774 3435 ae
790 3371 931 3436 labarent
940 3372 1142 3457 plusculum.
1157 3367 1236 3433 nihil
1249 3373 1355 3436 tamen

249 3490 368 3541 causae
395 3475 445 3537 est
472 3489 528 3534 cur
555 3471 627 3556 quia
653 3469 760 3554 potius
787 3471 943 3537 scribatur
969 3492 1065 3556 quam
1098 3475 1175 3559 qui:
1196 3489 1301 3553 neque
1322 3470 1357 3535 in

248 3577 312 3641 fine
339 3572 494 3638 Marullus
522 3568 632 3635 debuit
663 3570 801 3637 scribere
821 3576 902 3661 plur
928 3579 1057 3663 operui,
1081 3573 1140 3640 sed
1163 3575 1241 3661 plue
1268 3595 1355 3637 orr-

248 3698 371 3744 asrvn
390 3725 396 3739 .
414 3670 581 3740 'Antonius
609 3671 702 3736 Marii
723 3676 801 3760 pier
834 3700 947 3762 operae
975 3678 1055 3763 quid
1067 3726 1076 3759 ‚
1099 3675 1174 3740 olim
1206 3674 1354 3759 impressi

242 3781 321 3867 plue
344 3803 516 3866 opereque,
531 3774 707 3872 Lambinus
726 3778 862 3863 pleraque
885 3780 1015 3863 operui.

334 3885 407 3950 619.
430 3879 558 3951 Sionis
581 3899 698 3964 resurr
718 3899 817 3944 mauu
840 3901 1009 3942 urrunnu
1031 3900 1075 3942 sc
1098 3900 1251 3943 siccine
1268 3900 1355 3943 con-

247 4007 328 4048 r1r.
353 3982 536 4062 Quadratus
556 4006 718 4068 praemere
740 4006 778 4045 ac
799 3984 921 4048 eicere.
942 3981 1099 4046 Antonius
1121 3979 1214 4044 Marii
1236 3986 1268 4045 et
1288 3979 1355 4045 Me

247 4087 350 4151 rullus
376 4110 414 4150 ac
436 4088 556 4150 merere
577 4086 714 4169 recepit:
734 4082 890 4148 Aventius
916 4084 1015 4150 multo
1042 4082 1157 4148 melius
1182 4084 1354 4149 eerr'ecare·

219 4170 224 4206 ¹
249 4214 308 4275 que
330 4189 447 4274 eoepit,
464 4191 496 4250 et
516 4184 619 4269 potuit
640 4184 772 4268 propius
794 4183 837 4250 ad
858 4185 979 4250 litteras
1002 4187 1226 4273 adse‘ceareqee
1236 4236 1245 4268 ‚
1261 4204 1356 4250 voca·

247 4275 324 4354 bulo
359 4308 380 4352 a
406 4287 584 4353 Columella
611 4287 835 4370 frequentate.
863 4288 1061 4353 Wakefieldo
1093 4292 1201 4353 tamen
1232 4285 1355 4351 ‘tutius’

246 4391 376 4461 videtur
397 4393 496 4476 coepit
518 4389 656 4455 scribere
679 4410 775 4472 quam
790 4389 913 4472 aliquid
927 4396 1103 4475 temptare3
1119 4388 1287 4473 ‘quamvis'
1307 4387 1355 4453 in·

248 4493 318 4577 quit
345 4494 422 4558 ‘non
448 4491 554 4558 adhue
578 4492 612 4556 in
640 4492 820 4576 exemplum
842 4492 1025 4575 quidpiam,
1046 4512 1113 4557 rem
1135 4491 1286 4577 propius,
1309 4489 1355 4553 uti

248 4594 344 4662 valde
371 4595 549 4674 vellemus,
581 4595 765 4678 attingens,
796 4594 1000 4660 inciderimus
1013 4595 1035 4657 .'
1061 4593 1138 4659 mihi
1173 4591 1354 4675 exemplum

247 4698 345 4764 buius
370 4695 505 4782 perfecti
529 4705 659 4782 praesta
688 4704 760 4778 est,
787 4696 869 4777 sed,
898 4702 934 4762 ut
961 4695 1038 4761 mibi
1062 4693 1210 4780 videtur,
1235 4691 1353 4757 milax.
