3509 5442
408 563 630 629 300‘
946 553 976 618 V

345 755 353 765 ’
409 727 511 811 magis
536 729 605 791 toea
620 728 763 812 tr'npuat,
780 724 866 807 quod
888 720 994 807 posuit
1009 720 1205 786 Lambinus.
1221 719 1341 784 melius
1362 718 1447 784 soret
1460 734 1511 784 tar·

406 842 486 915 punt
497 879 506 911 ,
523 827 582 892 sed
606 828 804 892 verissimum
828 824 942 890 eodem
964 843 1061 919 sensu
1083 836 1111 887 et
1134 824 1203 888 loca
1224 844 1406 885 nuucnsn
1420 870 1427 883 .
1442 821 1510 899 inu
1554 897 1555 900 Ἴ

413 933 471 997 141
489 931 564 993 lzaec
581 930 650 994 loca
667 932 784 993 circum
800 929 957 992 Laetitiae
970 926 1126 998 mulcent.
1143 923 1184 987 de
1199 923 1343 988 nubibus
1355 923 1392 986 in
1406 945 1450 1006 w,
1464 927 1511 992 136

411 1035 498 1096 A‘e‘ra
513 1031 679 1094 mulcentes
694 1042 796 1093 motu.
819 1025 981 1107 Vergilius
1002 1026 1036 1090 in
1051 1048 1105 1108 vn,
1118 1030 1161 1093 34
1182 1024 1224 1089 de
1245 1024 1363 1090 avibus
1387 1027 1512 1091 Aeaea
1557 1077 1558 1085 ,

409 1131 585 1195 mulcebant
612 1145 726 1195 canta.
751 1136 890 1195 aeterum
914 1125 1056 1191 ordinem
1079 1145 1228 1191 versuum
1251 1125 1378 1209 primus
1401 1125 1454 1191 hic
1474 1147 1513 1192 os

410 1231 510 1296 tendit
528 1233 682 1297 Marullus
702 1229 965 1296 areeeutioribus
986 1231 1076 1295 nulla
1097 1229 1195 1296 laude
1216 1228 1394 1310 dignatus.
1410 1228 1512 1293 Wako

411 1332 544 1410 toldus,
561 1332 653 1414 quasi
669 1334 824 1396 elementa
840 1350 938 1396 caeco
961 1349 1038 1396 casu
1052 1332 1094 1397 ‘in
1116 1332 1199 1396 hano
1214 1329 1449 1412 dispositurum
1469 1329 1511 1393 de
1552 1331 1559 1358 ³

410 1432 575 1511 venerint,
596 1434 695 1497 ‘nulla
725 1440 772 1497 est
801 1431 948 1509 oaussa',
967 1432 1093 1516 inquit,
1114 1434 1167 1499 ‘de
1193 1433 1258 1515 qut
1279 1446 1443 1518 receptam
1462 1432 1510 1497 looi

411 1533 668 1598 constitutionem
689 1535 742 1600 vel
764 1534 932 1597 immutare
945 1582 953 1610 ‚
968 1533 1019 1598 vel
1041 1534 1208 1612 deserere,
1223 1531 1396 1598 velimus'.

496 1640 568 1704 571.
592 1637 725 1699 Funus
756 1656 906 1706 ouoouu
934 1657 1020 1697 uruc
1048 1655 1150 1697 soors
1177 1656 1299 1698 onaan
1331 1657 1510 1706 ruuuuouu

414 1759 560 1799 vrnnnr.
578 1735 759 1812 Quadratus
773 1738 931 1821 itumque.
947 1736 1115 1800 Turnebus
1134 1736 1169 1800 in
1183 1735 1446 1801 adversariorum
1459 1760 1511 1815 xn,

411 1844 453 1907 23
476 1839 605 1921 egregie
620 1840 737 1902 Forma
759 1839 835 1901 solis
857 1858 1068 1915 sruuuoun,
1086 1837 1172 1919 quod
1193 1842 1303 1903 tamen
1325 1857 1435 1920 neque
1454 1839 1512 1922 ipse
1555 1920 1556 1923 Ἴ

412 1960 471 2004 neo
493 1940 588 2004 ceteri
618 1939 671 2021 qui
699 1937 741 2003 de
768 1938 829 2002 hoc
850 1937 1007 2002 vocabulo
1037 1937 1184 2002 dixerunt
1211 1943 1297 2003 reete
1325 1937 1513 2022 interpretati
1556 1950 1557 1956 ’

413 2047 486 2106 sunt
512 2047 638 2124 praeter
660 2039 859 2103 Bentleium:
881 2039 909 2102 is
938 2041 980 2105 ad
1007 2045 1207 2109 versum581
1220 2041 1322 2126 filum
1350 2040 1430 2106 dicit
1455 2058 1513 2107 esse

412 2141 683 2224 magnitudinem:
705 2146 753 2205 est
780 2146 885 2205 autern
914 2143 1043 2226 proprie
1066 2140 1265 2220 crassitudo,
1286 2142 1377 2224 quod
1406 2144 1459 2209 vel
1482 2164 1513 2208 er
1557 2205 1558 2209 ,

411 2245 483 2310 libri
499 2267 532 2307 rv
547 2263 641 2309 versu
654 2248 694 2311 88
710 2247 862 2324 apparet,
878 2242 933 2306 ubi
956 2250 1029 2308 sunt
1044 2246 1232 2331 formarum
1254 2247 1391 2330 uestiqia
1414 2247 1517 2332 suptili

405 2345 627 2432 praettrafito
641 2392 647 2406 .
665 2342 775 2407 Cicero
788 2340 828 2405 de
841 2348 965 2408 oratore
977 2343 1059 2409 libro
1075 2367 1108 2422 11,
1120 2350 1161 2413 93
1178 2370 1282 2412 omues
1294 2350 1392 2412 etnam
1404 2361 1468 2413 tam
1477 2373 1514 2412 re-

413 2448 551 2512 tinebant
562 2445 651 2509 illum
659 2444 781 2507 Pericli
789 2469 916 2522 sucum,
929 2446 985 2510 secl
995 2446 1191 2532 erantpaulo
1203 2450 1429 2534 uberiorefilo.
1441 2447 1514 2513 idem

413 2548 447 2611 in
461 2571 506 2625 111,
519 2553 559 2615 96
576 2547 716 2611 Ornatur
738 2547 838 2631 icitur
861 2551 961 2613 oratio
975 2572 1088 2634 penere
1101 2551 1241 2633 primum
1264 2564 1292 2615 et
1311 2553 1415 2636 quasi
1426 2551 1515 2616 colore

414 2650 550 2736 quodam
572 2661 600 2712 et
615 2673 687 2712 suco
703 2671 780 2718 suo:
796 2668 870 2711 mox
893 2648 1011 2714 ibidem
1032 2650 1067 2711 in
1087 2662 1146 2714 toto
1162 2665 1343 2736 spectantur
1358 2652 1437 2715 leaeo
1459 2675 1515 2716 cor·

411 2777 509 2838 pore:
525 2748 640 2815 deinde
659 2754 718 2816 103
740 2750 815 2813 laec
821 2751 1002 2834 formanda
1006 2752 1068 2835 filo
1084 2753 1153 2836 urso
1174 2766 1202 2816 et
1218 2777 1334 2838 penere
1348 2756 1516 2818 00010000.

412 2854 496 2918 idem
518 2853 551 2916 in
567 2849 677 2914 Laelio
690 2854 731 2918 25
755 2864 782 2914 et
797 2850 912 2914 audiui
931 2875 993 2915 non
1007 2855 1125 2918 invitus
1141 2855 1283 2939 equidem
1299 2852 1518 2938 (philosophos

414 2951 625 3038 disputantes)
639 2976 646 3014 t
662 2952 719 3016 secl
733 2951 826 3016 aliud
839 2952 1100 3039 quoddamfilum
1117 2958 1268 3020 orationis
1283 2969 1370 3036 tuae,
1385 2955 1448 3021 hoc
1462 2962 1517 3034 est,

412 3058 539 3122 illorum
554 3053 653 3119 oratio
665 3053 791 3117 tenuior
807 3059 872 3136 est,
890 3053 1018 3119 uberior
1032 3061 1106 3119 tua.
1123 3056 1276 3121 Varronis
1290 3055 1396 3121 verba
1410 3058 1452 3123 de
1465 3056 1517 3120 lin-

413 3179 477 3241 gua
489 3157 603 3221 Latina
618 3179 638 3218 x
651 3177 680 3238 p.
694 3160 777 3232 546,
794 3153 910 3237 quibus
925 3153 958 3218 in
973 3155 1035 3219 hoc
1046 3158 1201 3222 vocabulo
1213 3155 1408 3240 explicando
1423 3177 1518 3240 gran·
1539 3218 1543 3224 .

413 3261 518 3325 matioi
533 3258 578 3322 uti
594 3278 658 3320 non
674 3256 798 3334 solent,
813 3256 968 3321 Mtlllerus
990 3277 1116 3340 quoque
1132 3260 1216 3325 male
1230 3258 1460 3342 interpolavit:
1475 3279 1518 3324 co

325 3409 330 3420 ·
413 3364 475 3427 dex
491 3366 575 3425 recte
590 3360 638 3422 Eo
648 3382 747 3443 porro
768 3359 937 3423 similiores
959 3374 1031 3423 sunt
1054 3361 1208 3445 quifacie
1230 3384 1354 3445 quoquc
1372 3387 1458 3447 pene
1478 3388 1518 3427 ea·

414 3464 503 3544 dem,
519 3463 627 3526 habitu
642 3461 784 3544 corporis
794 3461 872 3545 ‚fito
886 3508 893 3523 .
908 3460 939 3524 N
941 3459 1032 3524 onius
1045 3510 1052 3538 ,
1070 3461 1124 3542 qui
1146 3460 1260 3526 ceteris
1281 3480 1418 3544 pravam
1433 3464 1519 3530 inter·

414 3562 623 3648 pretationem
646 3559 840 3643 praecinuit,
859 3583 891 3645 p.
905 3566 977 3646 313,
993 3566 1031 3629 12
1054 3565 1161 3628 Fatum
1171 3612 1180 3646 ,
1197 3565 1262 3628 orie
1285 3564 1518 3632 liniamentum.

413 3666 559 3732 Lucilius
578 3666 630 3728 lib.
646 3680 774 3728 XXVIIII
786 3663 889 3751 Surpe
908 3666 1043 3746 mulier,
1061 3665 1165 3730 ducito
1177 3666 1274 3749 filum
1296 3689 1360 3730 non
1385 3669 1517 3733 malum

413 3766 528 3833 Lucilii
543 3768 642 3831 verba
662 3765 746 3829 male
762 3763 913 3829 distincta
933 3785 1006 3832 esso
1021 3772 1164 3849 apertum
1187 3771 1253 3829 est.
1270 3767 1443 3835 novissimi
1461 3770 1519 3836 edi·

413 3875 498 3934 tores
514 3869 639 3951 tracta,-
659 3885 798 3950 quonam
820 3873 949 3931 auctore
970 3869 1039 3947 usi,
1060 3868 1189 3933 nescio:
1207 3886 1281 3930 nam
1303 3874 1380 3935 anto
1404 3892 1441 3937 se
1463 3892 1520 3938 nou

415 3970 510 4035 modo
533 3971 709 4034 Mercerum
731 3967 790 4032 sed
813 3988 924 4033 ornnes
947 3971 1050 4035 ducito
1074 3969 1202 4034 dedisse
1224 3989 1266 4033 nc
1288 3967 1438 4038 referunt
1459 3975 1520 4057 qui·

414 4073 506 4138 dem.
524 4072 601 4154 quid
615 4068 758 4134 Lucilius
781 4069 947 4152 scripserit
968 4070 1030 4136 dici
1053 4093 1117 4136 nou
1138 4077 1260 4155 potest:
1275 4081 1414 4154 possunt
1428 4083 1520 4161 temp

414 4175 473 4239 tari
491 4195 573 4257 quac
593 4195 631 4238 eo
648 4171 746 4255 digna
761 4171 842 4250 sint3
859 4172 949 4237 velut
969 4172 1049 4255 hoc,
1072 4175 1191 4258 Virpon
1210 4198 1252 4238 au
1267 4176 1385 4240 mulier
1402 4178 1519 4244 dubito·

405 4279 502 4363 filum
525 4301 587 4341 nou
609 4276 748 4351 malum,
764 4276 888 4339 Nasum
910 4277 965 4339 loc
988 4299 1161 4360 corpusque
1183 4277 1315 4340 scitam.

500 4383 572 4447 576.
596 4376 684 4441 Srvn
708 4397 775 4438 suu
790 4397 950 4439 enornro
973 4398 1106 4440 rucrur
1129 4399 1175 4439 nn
1191 4398 1361 4442 consone
1381 4401 1519 4445 aucun.

414 4479 570 4546 Antonius
591 4476 683 4542 Marii
714 4482 744 4540 et
765 4476 919 4541 Marullus
942 4500 1056 4542 sunu.
1081 4479 1235 4562 Apuleius
1261 4478 1302 4543 de
1325 4479 1389 4546 deo
1414 4483 1520 4549 Socra·

414 4582 454 4648 tis
469 4603 499 4666 p.
516 4585 575 4647 113
599 4579 672 4643 edit.
688 4576 831 4642 Hildcbr.
855 4578 964 4644 radios
986 4584 1064 4646 solis
1086 4583 1193 4646 obstiti
1211 4583 1261 4648 uel
1281 4582 1418 4649 aduersi
1436 4611 1519 4651 usar-

407 4698 470 4771 pat
493 4695 540 4761 et,
556 4695 590 4748 ut
612 4683 714 4750 uerbis
737 4694 810 4746 utar
824 4682 987 4770 Lucretii,
1004 4685 1128 4750 notham
1152 4686 1248 4750 iactat
1270 4683 1309 4749 de
1324 4707 1458 4771 corpore
1469 4688 1521 4752 lu«
