3509 5442
422 573 464 644 84
958 567 987 638 Π

420 748 565 813 videatur
592 745 698 810 omnia
728 745 827 810 semel
854 744 897 809 ad
917 740 1060 832 dactylos
1089 752 1120 811 et
1146 747 1187 810 ad
1209 747 1340 813 deorum
1364 750 1528 816 arbitrium

421 849 538 914 referre
547 848 572 936 ‚]
586 850 651 912 Nec
656 850 836 934 persectari
842 850 1023 933 primordio
1034 851 1163 935 stapulo
1175 875 1328 935 quaeque,
1349 855 1389 917 Ut
1401 853 1527 918 eldeoot

421 979 485 1040 quc
500 955 632 1038 quicque
649 964 780 1035 ‚carator
800 974 870 1013 oum
890 954 1031 1016 retloue.
1048 957 1143 1032 atque
1157 950 1207 1014 his
1230 959 1303 1034 apte
1324 953 1436 1018 iuncta
1458 959 1527 1019 suut

410 1055 503 1136 'quae
525 1059 697 1119 secuntur:
719 1070 758 1115 11
786 1069 861 1114 vero
888 1051 982 1116 huius
1008 1051 1208 1130 1111111111,
1233 1072 1275 1116 ne
1304 1074 1376 1119 esse
1398 1056 1524 1137 quidem

420 1177 500 1240 opus
522 1161 557 1219 ut
579 1155 695 1238 aliquis
716 1151 960 1237 primordiorum
983 1159 1128 1217 naturam
1151 1161 1296 1219 accurate
1317 1158 1523 1240 pervestiget,

420 1281 483 1342 quo
506 1258 609 1341 magis
631 1254 802 1340 perspiciat
824 1254 1004 1319 universam
1030 1275 1134 1319 rerum
1156 1263 1301 1320 naturam
1324 1279 1388 1323 non
1410 1279 1484 1325 esse
1506 1281 1524 1324 a

419 1362 481 1426 diis
505 1360 667 1425 hominum
691 1376 788 1422 causa
810 1357 1031 1421 constitutam.
1060 1356 1117 1421 sed
1138 1357 1221 1422 hanc
1242 1378 1308 1421 rem
1330 1367 1427 1442 poeta
1439 1413 1448 1444 ,
1464 1362 1524 1426 nisi

418 1463 531 1542 fallor,
552 1461 689 1527 breviter
709 1458 804 1523 nimis
825 1477 884 1522 nec
905 1463 969 1520 tam
992 1456 1109 1522 diserte
1133 1479 1228 1540 quam
1254 1461 1335 1526 solet
1358 1464 1523 1546 exposuit:

417 1586 492 1630 nam
507 1563 588 1628 illud
603 1563 783 1644 blanditur,
801 1559 887 1642 quod
904 1565 953 1624 est
971 1559 1006 1641 in
1020 1580 1115 1624 versu
1133 1567 1212 1638 113,
1235 1583 1255 1626 a
1268 1563 1430 1646 plerisque
1446 1564 1523 1629 tius-

416 1673 466 1730 tra
488 1670 673 1749 temptatum
695 1662 779 1745 (Itali
802 1661 886 1726 enim
909 1661 1013 1726 fecere
1035 1665 1333 1749 111-1111111111,
1349 1667 1523 1731 Lambinus

424 1764 726 1850 111-1111111111),
744 1764 821 1830 satis
844 1763 922 1828 dure
944 1765 1082 1847 positum
1106 1772 1154 1830 est
1176 1788 1233 1849 pro
1249 1769 1440 1834 blandiendo
1455 1773 1521 1834 lior-

417 1887 501 1937 totor
517 1871 582 1935 sive
590 1869 765 1956 persuadet
779 1872 811 1932 ei
825 1868 981 1953 compellit
997 1866 1154 1951 (similiter
1169 1869 1331 1934 Vitruvius
1352 1871 1385 1934 in
1400 1871 1473 1936 libri
1489 1894 1522 1933 111

415 1971 613 2057 praefatione
635 1996 704 2035 oum
728 1974 820 2035 etlam
836 1994 930 2054 coepe
945 1970 1129 2034 blandietur
1145 1976 1254 2056 proclo
1269 1976 1481 2038 coenobiorum
1502 1999 1521 2037 o

414 2080 498 2142 ceris
509 2075 639 2140 tudiciis
651 2072 823 2157 cclfolscm
830 2074 1045 2157 prolationem
1057 2095 1067 2135 .·
1079 2070 1155 2136 dicit
1166 2072 1250 2136 euim
1262 2074 1408 2138 convivia
1420 2126 1428 2154 ,
1441 2095 1520 2157 quae

415 2176 551 2243 artifices
566 2173 641 2237 dent
655 2172 836 2251 nobilibus,
852 2193 949 2256 saepe
971 2174 1082 2237 horum
1104 2173 1243 2239 favorem
1260 2175 1453 2261 eblandiri),
1469 2196 1520 2240 ne

415 2299 477 2362 que
500 2276 608 2344 versui
633 2280 693 2343 183
706 2326 714 2354 ,
729 2276 763 2339 in
786 2295 848 2357 quo
872 2280 920 2338 est
934 2277 1027 2340 Nunc
1050 2277 1087 2340 ld
1105 2277 1189 2362 quod
1201 2303 1297 2364 cuper
1319 2280 1519 2365 1111111111-

413 2408 502 2464 mur,
520 2377 684 2445 commode
698 2376 798 2442 subici
813 2377 915 2460 potuit
926 2378 1019 2442 Narro
1036 2381 1121 2443 locus
1137 2394 1180 2444 est
1195 2382 1228 2443 io
1244 2381 1293 2444 lo's
1305 2381 1389 2446 illud
1400 2407 1519 2467 quoque

413 2486 504 2549 rebus
521 2483 732 2567 Corfirmore.
752 2478 875 2544 aceedit
891 2480 977 2561 quod
992 2500 1027 2545 se
1042 2501 1108 2544 rem
1122 2485 1279 2567 posterius·
1295 2486 1517 2570 apertomfcc-

413 2599 516 2650 torum
531 2582 702 2666 promittit;
728 2581 814 2664 quod
835 2581 890 2646 ubi
912 2582 1067 2665 praestitit
1089 2582 1234 2648 versibus
1256 2603 1383 2666 quoque
1405 2585 1518 2651 iisdem

412 2687 533 2770 aliquot
557 2684 697 2768 repetitis
718 2684 752 2747 in
774 2684 855 2748 libro
880 2684 989 2764 quinto
1010 2686 1265 2763 111-111111
1289 2687 1335 2752 rei
1356 2686 1517 2753 institutae

410 2788 629 2854 tractationem
657 2807 721 2851 non
749 2786 826 2851 11111
853 2793 937 2851 recte
959 2787 1164 2871 interruptam
1191 2808 1262 2853 esse
1290 2788 1332 2851 ad
1354 2789 1425 2854 eius
1447 2790 1517 2855 libri

410 2910 535 2955 versum
559 2894 621 2957 235
650 2889 962 2953 demonstrabimus.
990 2889 1127 2969 denique
1150 2877 1254 2970 'quem
1280 2888 1454 2956 admodum
1485 2894 1517 2956 in

409 2991 478 3070 his,
495 2991 610 3074 quibus
631 3010 736 3055 rerum
761 2996 907 3055 naturam
933 2991 975 3053 ad
999 2990 1163 3054 utilitatem
1189 2991 1351 3056 hominum
1378 3002 1515 3059 creatam

409 3114 481 3160 esse
504 3099 619 3175 negat,
641 3092 761 3156 tamin
784 3091 923 3157 secundo
946 3092 1027 3155 libro
1051 3112 1148 3173 quam
1171 3093 1202 3156 in
1227 3093 1336 3175 quinto
1360 3099 1517 3180 composi-

407 3195 527 3261 tionem
549 3193 703 3279 po'c'matis
725 3193 872 3258 laborare
895 3193 1127 3270 intelleximus,
1144 3193 1188 3256 ita
1210 3194 1244 3257 in
1266 3215 1300 3260 re
1321 3197 1396 3262 huic
1418 3199 1515 3262 simil-

407 3296 483 3360 lima
504 3296 537 3359 in
563 3294 643 3358 libro
667 3300 805 3376 quarto,
828 3294 884 3358 ubi
911 3315 1026 3360 sensus
1053 3296 1234 3361 hominibus
1261 3304 1390 3380 propter
1422 3319 1512 3364 usum

407 3396 499 3460 datos
526 3415 597 3460 esse
625 3396 712 3459 nullo
742 3396 836 3461 modo
860 3396 946 3461 credi
974 3416 1070 3480 posse
1093 3396 1206 3476 docet,
1231 3419 1341 3464 rursus
1365 3401 1514 3467 observa-

404 3497 510 3562 bimus
533 3518 603 3562 eam
624 3517 691 3561 rem
714 3519 839 3562 omnem
862 3497 938 3562 illuc
959 3518 1024 3562 non
1047 3498 1153 3564 facere
1178 3504 1381 3570 sae—857.
1406 3503 1512 3587 itaque

406 3598 607 3684 perspicuum
631 3605 680 3665 est
701 3600 759 3665 hos
774 3600 862 3666 locos
885 3622 905 3665 a
919 3601 1067 3665 Lucretio
1083 3621 1146 3665 111
1169 3621 1207 3692 eo
1224 3601 1334 3667 ordine
1350 3625 1414 3685 quo
1429 3625 1513 3670 nunc

406 3703 546 3767 carmina
568 3702 685 3785 scripta
703 3702 841 3784 legimus
863 3709 1014 3768 mactatos
1037 3722 1127 3781 esse,
1151 3703 1208 3767 sed
1230 3703 1293 3768 alio
1316 3711 1459 3788 tempore
1482 3713 1512 3772 et

405 3823 475 3868 cum
507 3811 612 3870 cetera
637 3804 670 3867 in
694 3804 840 3870 manibus
862 3825 927 3868 non
949 3805 1098 3880 haberet,
1121 3825 1191 3868 cum
1222 3805 1337 3887 quibus
1363 3813 1460 3891 poeta
1481 3813 1511 3873 et

403 3905 611 3990 philosophus
638 3906 705 3971 reri
737 3926 842 3971 rerum
874 3906 995 3972 ordinis
1022 3906 1158 3970 maxime
1188 3907 1350 3973 studiosus
1381 3909 1509 3994 illa,si

403 4013 537 4089 posset,
560 4027 654 4088 quam
683 4007 845 4090 aptissime
876 4008 1069 4089 coniungere
1091 4006 1247 4071 debebat.
1264 4029 1303 4074 ex
1326 4029 1389 4089 quo
1412 4030 1509 4094 appa-

402 4113 469 4186 ret,
486 4108 571 4191 quod
593 4109 656 4171 iam
680 4128 777 4191 supra
799 4108 884 4187 dixi,
900 4110 1004 4192 ipsum
1027 4114 1152 4193 poetam
1176 4109 1332 4193 hocopus
1355 4131 1421 4176 non
1444 4112 1508 4176 edi-

400 4207 511 4288 disse,
534 4229 638 4292 neque
667 4209 803 4293 primum
829 4210 982 4275 editorem
1013 4229 1142 4274 curasse
1171 4216 1206 4273 ut
1233 4211 1379 4293 singulae
1400 4221 1507 4298 partes

399 4309 559 4391 perfectae
587 4317 617 4375 et
646 4311 811 4375 absolutae
839 4311 1048 4390 viderentur3
1072 4331 1166 4393 quem
1195 4311 1294 4394 siquis
1324 4313 1357 4378 in
1383 4314 1435 4380 his
1467 4314 1507 4380 de

400 4411 514 4492 quibus
537 4432 621 4477 nunc
644 4432 713 4476 cum
729 4411 866 4475 maxime
881 4413 1006 4494 agimus
1020 4413 1175 4492 ,versibus
1197 4414 1306 4478 charta
1320 4415 1507 4499 imperfecta

399 4517 430 4576 11
452 4512 559 4576 111111
588 4535 679 4579 usum
707 4534 778 4579 1111
807 4513 1045 4597 suspicabitur,
1067 4522 1100 4579 ut
1127 4535 1167 4580 11
1197 4536 1279 4597 quae
1312 4517 1364 4581 hic
1390 4517 1505 4585 deesse

396 4613 581 4697 scripsimus
611 4637 782 4700 numquam
811 4612 897 4680 edita
919 4616 1095 4697 existimet,
1117 4617 1195 4681 nihil
1218 4619 1342 4685 habebo
1366 4621 1455 4702 quod
1477 4621 1504 4686 11
1551 4674 1554 4681 .

395 4735 577 4800 repugnare
597 4716 710 4784 dicam.
