<?xml version="1.0" encoding="UTF-8"?>
<!DOCTYPE html PUBLIC "-//W3C//DTD XHTML 1.0 Transitional//EN"
    "http://www.w3.org/TR/xhtml1/DTD/xhtml1-transitional.dtd">
<html xmlns="http://www.w3.org/1999/xhtml" xml:lang="en" lang="en">
 <head>
  <title>
</title>
<meta http-equiv="Content-Type" content="text/html;charset=utf-8" />
  <meta name='ocr-system' content='tesseract 3.04.00' />
  <meta name='ocr-capabilities' content='ocr_page ocr_carea ocr_par ocr_line ocrx_word'/>
</head>
<body>
  <div class='ocr_page' id='page_1' title='image "./carolilachmanni00lachgoog_0414.png"; bbox 0 0 3509 5442; ppageno 0'>
   <div class='ocr_carea' id='block_1_1' title="bbox 782 419 1358 490">
    <p class='ocr_par' dir='ltr' id='par_1_1' title="bbox 782 419 1358 490">
     <span class='ocr_line' id='line_1_1' title="bbox 782 419 1358 490; baseline -0.007 4"><span class='ocrx_word' id='word_1_1' title='bbox 782 419 826 484; x_wconf 88' lang='lat' dir='ltr'><strong>Vl</strong></span> <span class='ocrx_word' id='word_1_2' title='bbox 1293 424 1358 490; x_wconf 86' lang='lat'><strong>409</strong></span> 
     </span>
    </p>
   </div>
   <div class='ocr_carea' id='block_1_2' title="bbox 216 589 1411 3520">
    <p class='ocr_par' dir='ltr' id='par_1_2' title="bbox 245 589 1411 1488">
     <span class='ocr_line' id='line_1_2' title="bbox 334 589 1358 676; baseline -0.004 -17"><span class='ocrx_word' id='word_1_3' title='bbox 334 595 410 659; x_wconf 88' lang='grc'><strong>986.</strong></span> <span class='ocrx_word' id='word_1_4' title='bbox 436 608 585 660; x_wconf 75' lang='lat' dir='ltr'><strong>accone</strong></span> <span class='ocrx_word' id='word_1_5' title='bbox 613 607 807 654; x_wconf 78' lang='lat' dir='ltr'><strong>sanonum.</strong></span> <span class='ocrx_word' id='word_1_6' title='bbox 830 589 997 673; x_wconf 78' lang='lat' dir='ltr'><strong>Oblongus</strong></span> <span class='ocrx_word' id='word_1_7' title='bbox 1019 591 1177 676; x_wconf 81' lang='lat' dir='ltr'><strong>cloquce,</strong></span> <span class='ocrx_word' id='word_1_8' title='bbox 1201 597 1358 656; x_wconf 87' lang='lat' dir='ltr'><strong>corrector</strong></span> 
     </span>
     <span class='ocr_line' id='line_1_3' title="bbox 245 689 1359 775; baseline 0.001 -18"><span class='ocrx_word' id='word_1_9' title='bbox 245 689 318 757; x_wconf 86' lang='lat' dir='ltr'><strong>eius</strong></span> <span class='ocrx_word' id='word_1_10' title='bbox 341 696 427 756; x_wconf 88' lang='lat' dir='ltr'><strong>recte</strong></span> <span class='ocrx_word' id='word_1_11' title='bbox 449 711 633 761; x_wconf 78' lang='lat' dir='ltr'><strong>aarooun.</strong></span> <span class='ocrx_word' id='word_1_12' title='bbox 657 711 729 755; x_wconf 92' lang='lat' dir='ltr'><strong>nam</strong></span> <span class='ocrx_word' id='word_1_13' title='bbox 751 691 830 756; x_wconf 90' lang='lat' dir='ltr'>nihil</span> <span class='ocrx_word' id='word_1_14' title='bbox 853 712 934 775; x_wconf 90' lang='lat' dir='ltr'><strong>opus</strong></span> <span class='ocrx_word' id='word_1_15' title='bbox 956 697 1005 757; x_wconf 88' lang='lat' dir='ltr'><strong>est</strong></span> <span class='ocrx_word' id='word_1_16' title='bbox 1026 712 1097 756; x_wconf 93' lang='lat' dir='ltr'><strong>cum</strong></span> <span class='ocrx_word' id='word_1_17' title='bbox 1111 692 1267 758; x_wconf 90' lang='lat' dir='ltr'><strong>Lambino</strong></span> <span class='ocrx_word' id='word_1_18' title='bbox 1290 694 1359 758; x_wconf 78' lang='lat' dir='ltr'><strong>alic</strong></span> 
     </span>
     <span class='ocr_line' id='line_1_4' title="bbox 245 791 1359 879; baseline 0 -21"><span class='ocrx_word' id='word_1_19' title='bbox 245 791 415 858; x_wconf 88' lang='lat' dir='ltr'><strong>scribere:</strong></span> <span class='ocrx_word' id='word_1_20' title='bbox 438 791 574 876; x_wconf 90' lang='lat' dir='ltr'><strong>primum</strong></span> <span class='ocrx_word' id='word_1_21' title='bbox 596 800 819 859; x_wconf 85' lang='lat' dir='ltr'>enumerantur</span> <span class='ocrx_word' id='word_1_22' title='bbox 846 814 928 876; x_wconf 90' lang='lat' dir='ltr'><strong>quae</strong></span> <span class='ocrx_word' id='word_1_23' title='bbox 955 794 1020 858; x_wconf 90' lang='lat' dir='ltr'><strong>alia</strong></span> <span class='ocrx_word' id='word_1_24' title='bbox 1043 795 1108 860; x_wconf 75' lang='lat' dir='ltr'><strong>cleb</strong></span> <span class='ocrx_word' id='word_1_25' title='bbox 1130 800 1296 879; x_wconf 84' lang='lat' dir='ltr'><strong>penetrent</strong></span> <span class='ocrx_word' id='word_1_26' title='bbox 1316 791 1359 858; x_wconf 88' lang='lat' dir='ltr'><strong>ad</strong></span> 
     </span>
     <span class='ocr_line' id='line_1_5' title="bbox 246 895 1358 976; baseline 0 -17"><span class='ocrx_word' id='word_1_27' title='bbox 246 896 358 959; x_wconf 78' lang='lat' dir='ltr'><strong>carebo</strong></span> <span class='ocrx_word' id='word_1_28' title='bbox 372 918 501 975; x_wconf 77' lang='lat' dir='ltr'><strong>aeacus,</strong></span> <span class='ocrx_word' id='word_1_29' title='bbox 517 898 666 958; x_wconf 89' lang='lat' dir='ltr'><strong>secuntur</strong></span> <span class='ocrx_word' id='word_1_30' title='bbox 681 914 764 976; x_wconf 89' lang='lat' dir='ltr'><strong>quae</strong></span> <span class='ocrx_word' id='word_1_31' title='bbox 780 895 844 959; x_wconf 88' lang='lat' dir='ltr'><strong>alia</strong></span> <span class='ocrx_word' id='word_1_32' title='bbox 859 896 990 961; x_wconf 80' lang='lat' dir='ltr'><strong>aliunde</strong></span> <span class='ocrx_word' id='word_1_33' title='bbox 1000 896 1130 961; x_wconf 87' lang='lat' dir='ltr'><strong>veniant</strong></span> <span class='ocrx_word' id='word_1_34' title='bbox 1141 944 1148 959; x_wconf 90' lang='lat'><strong>.</strong></span> <span class='ocrx_word' id='word_1_35' title='bbox 1161 895 1241 961; x_wconf 89' lang='lat' dir='ltr'><strong>baec</strong></span> <span class='ocrx_word' id='word_1_36' title='bbox 1252 901 1358 960; x_wconf 90' lang='lat' dir='ltr'><strong>autem</strong></span> 
     </span>
     <span class='ocr_line' id='line_1_6' title="bbox 248 993 1358 1080; baseline 0.004 -21"><span class='ocrx_word' id='word_1_37' title='bbox 248 993 329 1079; x_wconf 89' lang='lat' dir='ltr'><strong>quia</strong></span> <span class='ocrx_word' id='word_1_38' title='bbox 350 1014 370 1058; x_wconf 90' lang='lat' dir='ltr'><strong>a</strong></span> <span class='ocrx_word' id='word_1_39' title='bbox 393 1014 428 1060; x_wconf 89' lang='lat' dir='ltr'><strong>se</strong></span> <span class='ocrx_word' id='word_1_40' title='bbox 448 994 581 1060; x_wconf 89' lang='lat' dir='ltr'><strong>invicem</strong></span> <span class='ocrx_word' id='word_1_41' title='bbox 605 997 748 1080; x_wconf 89' lang='lat' dir='ltr'><strong>separari</strong></span> <span class='ocrx_word' id='word_1_42' title='bbox 768 1017 833 1061; x_wconf 92' lang='lat' dir='ltr'><strong>non</strong></span> <span class='ocrx_word' id='word_1_43' title='bbox 852 996 990 1079; x_wconf 87' lang='lat' dir='ltr'><strong>debent,</strong></span> <span class='ocrx_word' id='word_1_44' title='bbox 1006 997 1033 1062; x_wconf 90' lang='lat' dir='ltr'><strong>is</strong></span> <span class='ocrx_word' id='word_1_45' title='bbox 1049 997 1128 1063; x_wconf 92' lang='lat' dir='ltr'><strong>ordo</strong></span> <span class='ocrx_word' id='word_1_46' title='bbox 1143 1016 1292 1064; x_wconf 87' lang='lat' dir='ltr'><strong>versuum</strong></span> <span class='ocrx_word' id='word_1_47' title='bbox 1306 1017 1358 1063; x_wconf 87' lang='lat' dir='ltr'><strong>ve·</strong></span> 
     </span>
     <span class='ocr_line' id='line_1_7' title="bbox 247 1095 1411 1182; baseline 0.002 -21"><span class='ocrx_word' id='word_1_48' title='bbox 247 1115 305 1161; x_wconf 88' lang='lat' dir='ltr'><strong>rus</strong></span> <span class='ocrx_word' id='word_1_49' title='bbox 329 1101 380 1161; x_wconf 87' lang='lat' dir='ltr'><strong>est</strong></span> <span class='ocrx_word' id='word_1_50' title='bbox 400 1116 495 1178; x_wconf 90' lang='lat' dir='ltr'><strong>quem</strong></span> <span class='ocrx_word' id='word_1_51' title='bbox 509 1095 727 1163; x_wconf 89' lang='lat' dir='ltr'><strong>Wakefieldus</strong></span> <span class='ocrx_word' id='word_1_52' title='bbox 748 1097 841 1164; x_wconf 87' lang='lat' dir='ltr'><strong>fecit:</strong></span> <span class='ocrx_word' id='word_1_53' title='bbox 862 1117 922 1164; x_wconf 89' lang='lat' dir='ltr'><strong>nec</strong></span> <span class='ocrx_word' id='word_1_54' title='bbox 941 1097 1003 1163; x_wconf 93' lang='lat' dir='ltr'><strong>nisi</strong></span> <span class='ocrx_word' id='word_1_55' title='bbox 1021 1099 1188 1182; x_wconf 81' lang='lat' dir='ltr'><strong>speciebus</strong></span> <span class='ocrx_word' id='word_1_56' title='bbox 1203 1097 1359 1164; x_wconf 82' lang='lat' dir='ltr'><strong>absolutis</strong></span> <span class='ocrx_word' id='word_1_57' title='bbox 1405 1109 1411 1118; x_wconf 82' lang='lat'><em>&#39;</em></span> 
     </span>
     <span class='ocr_line' id='line_1_8' title="bbox 247 1196 1359 1288; baseline 0.002 -25"><span class='ocrx_word' id='word_1_58' title='bbox 247 1196 294 1263; x_wconf 87' lang='lat' dir='ltr'><strong>ad</strong></span> <span class='ocrx_word' id='word_1_59' title='bbox 315 1217 446 1264; x_wconf 88' lang='lat' dir='ltr'><strong>causam</strong></span> <span class='ocrx_word' id='word_1_60' title='bbox 466 1197 512 1261; x_wconf 88' lang='lat' dir='ltr'><strong>ita</strong></span> <span class='ocrx_word' id='word_1_61' title='bbox 533 1197 628 1262; x_wconf 81' lang='lat' dir='ltr'><strong>rediri</strong></span> <span class='ocrx_word' id='word_1_62' title='bbox 650 1205 757 1284; x_wconf 90' lang='lat' dir='ltr'><strong>potest</strong></span> <span class='ocrx_word' id='word_1_63' title='bbox 771 1206 805 1265; x_wconf 88' lang='lat' dir='ltr'><strong>ut</strong></span> <span class='ocrx_word' id='word_1_64' title='bbox 819 1205 914 1284; x_wconf 72' lang='lat' dir='ltr'><strong>poeta</strong></span> <span class='ocrx_word' id='word_1_65' title='bbox 930 1220 964 1265; x_wconf 92' lang='lat' dir='ltr'><strong>se</strong></span> <span class='ocrx_word' id='word_1_66' title='bbox 978 1219 1050 1266; x_wconf 90' lang='lat' dir='ltr'><strong>eam</strong></span> <span class='ocrx_word' id='word_1_67' title='bbox 1061 1204 1160 1288; x_wconf 84' lang='lat' dir='ltr'><strong>paolo</strong></span> <span class='ocrx_word' id='word_1_68' title='bbox 1174 1216 1246 1267; x_wconf 76' lang='lat' dir='ltr'><strong>cole</strong></span> <span class='ocrx_word' id='word_1_69' title='bbox 1261 1215 1359 1266; x_wconf 80' lang='lat' dir='ltr'><strong>octen-</strong></span> 
     </span>
     <span class='ocr_line' id='line_1_9' title="bbox 249 1297 1360 1387; baseline -0.001 -21"><span class='ocrx_word' id='word_1_70' title='bbox 249 1302 338 1367; x_wconf 72' lang='lat' dir='ltr'><strong>dirae</strong></span> <span class='ocrx_word' id='word_1_71' title='bbox 359 1300 465 1378; x_wconf 88' lang='lat' dir='ltr'><strong>dicat,</strong></span> <span class='ocrx_word' id='word_1_72' title='bbox 482 1297 568 1382; x_wconf 90' lang='lat' dir='ltr'><strong>quod</strong></span> <span class='ocrx_word' id='word_1_73' title='bbox 588 1298 708 1366; x_wconf 85' lang='lat' dir='ltr'><strong>fecerat</strong></span> <span class='ocrx_word' id='word_1_74' title='bbox 725 1321 822 1368; x_wconf 87' lang='lat' dir='ltr'><strong>versu</strong></span> <span class='ocrx_word' id='word_1_75' title='bbox 836 1307 898 1371; x_wconf 85' lang='grc'><strong>981</strong></span> <span class='ocrx_word' id='word_1_76' title='bbox 915 1308 947 1368; x_wconf 84' lang='grc'><strong>91</strong></span> <span class='ocrx_word' id='word_1_77' title='bbox 961 1302 1086 1368; x_wconf 90' lang='lat' dir='ltr'><strong>duobus</strong></span> <span class='ocrx_word' id='word_1_78' title='bbox 1101 1302 1274 1387; x_wconf 84' lang='lat' dir='ltr'><strong>proximis.</strong></span> <span class='ocrx_word' id='word_1_79' title='bbox 1290 1320 1360 1367; x_wconf 87' lang='lat' dir='ltr'><strong>vcr-</strong></span> 
     </span>
     <span class='ocr_line' id='line_1_10' title="bbox 249 1396 1014 1488; baseline 0.003 -21"><span class='ocrx_word' id='word_1_80' title='bbox 249 1422 322 1468; x_wconf 87' lang='lat' dir='ltr'><strong>sum</strong></span> <span class='ocrx_word' id='word_1_81' title='bbox 339 1407 402 1472; x_wconf 85' lang='lat'><strong>990</strong></span> <span class='ocrx_word' id='word_1_82' title='bbox 424 1402 526 1466; x_wconf 93' lang='lat' dir='ltr'><strong>solum</strong></span> <span class='ocrx_word' id='word_1_83' title='bbox 549 1396 652 1467; x_wconf 83' lang='lat' dir='ltr'><strong>adfert</strong></span> <span class='ocrx_word' id='word_1_84' title='bbox 673 1405 702 1468; x_wconf 91' lang='lat' dir='ltr'>N</span> <span class='ocrx_word' id='word_1_85' title='bbox 705 1403 797 1468; x_wconf 90' lang='lat' dir='ltr'><strong>onius</strong></span> <span class='ocrx_word' id='word_1_86' title='bbox 818 1425 850 1488; x_wconf 94' lang='lat' dir='ltr'><strong>p.</strong></span> <span class='ocrx_word' id='word_1_87' title='bbox 863 1408 936 1483; x_wconf 72' lang='lat'><strong>227,</strong></span> <span class='ocrx_word' id='word_1_88' title='bbox 952 1409 1014 1474; x_wconf 77' lang='lat'><strong>26.</strong></span> 
     </span>
    </p>

    <p class='ocr_par' dir='ltr' id='par_1_3' title="bbox 216 1502 1360 1690">
     <span class='ocr_line' id='line_1_11' title="bbox 340 1502 1360 1573; baseline -0.003 -1"><span class='ocrx_word' id='word_1_89' title='bbox 340 1509 412 1572; x_wconf 90' lang='grc'><strong>991.</strong></span> <span class='ocrx_word' id='word_1_90' title='bbox 440 1502 638 1568; x_wconf 75' lang='lat' dir='ltr'><strong>Paarrnnr</strong></span> <span class='ocrx_word' id='word_1_91' title='bbox 667 1528 836 1569; x_wconf 76' lang='lat' dir='ltr'><strong>urucas.</strong></span> <span class='ocrx_word' id='word_1_92' title='bbox 861 1507 1062 1573; x_wconf 74' lang='lat' dir='ltr'><strong>correctores</strong></span> <span class='ocrx_word' id='word_1_93' title='bbox 1088 1513 1214 1573; x_wconf 86' lang='lat' dir='ltr'><strong>veteres</strong></span> <span class='ocrx_word' id='word_1_94' title='bbox 1241 1509 1360 1571; x_wconf 80' lang='lat' dir='ltr'><strong>Pran-</strong></span> 
     </span>
     <span class='ocr_line' id='line_1_12' title="bbox 216 1604 904 1690; baseline -0.004 -16"><span class='ocrx_word' id='word_1_95' title='bbox 216 1663 226 1674; x_wconf 90' lang='lat'><strong>.</strong></span> <span class='ocrx_word' id='word_1_96' title='bbox 250 1626 396 1671; x_wconf 75' lang='lat' dir='ltr'><strong>runnu.</strong></span> <span class='ocrx_word' id='word_1_97' title='bbox 419 1604 490 1669; x_wconf 81' lang='lat' dir='ltr'><strong>Itali</strong></span> <span class='ocrx_word' id='word_1_98' title='bbox 512 1612 544 1671; x_wconf 87' lang='lat' dir='ltr'><strong>et</strong></span> <span class='ocrx_word' id='word_1_99' title='bbox 564 1606 711 1690; x_wconf 86' lang='lat' dir='ltr'><strong>impressi</strong></span> <span class='ocrx_word' id='word_1_100' title='bbox 733 1631 904 1672; x_wconf 74' lang='lat' dir='ltr'><strong>manans.</strong></span> 
     </span>
    </p>

    <p class='ocr_par' dir='ltr' id='par_1_4' title="bbox 249 1708 1361 2093">
     <span class='ocr_line' id='line_1_13' title="bbox 339 1708 1360 1779; baseline -0.001 -4"><span class='ocrx_word' id='word_1_101' title='bbox 339 1710 412 1775; x_wconf 79' lang='grc'><strong>992.</strong></span> <span class='ocrx_word' id='word_1_102' title='bbox 434 1708 562 1779; x_wconf 78' lang='lat' dir='ltr'><strong>Arous</strong></span> <span class='ocrx_word' id='word_1_103' title='bbox 585 1730 698 1775; x_wconf 78' lang='lat' dir='ltr'><strong>aurun</strong></span> <span class='ocrx_word' id='word_1_104' title='bbox 721 1733 840 1774; x_wconf 72' lang='lat' dir='ltr'><strong>rcum.</strong></span> <span class='ocrx_word' id='word_1_105' title='bbox 864 1711 1021 1777; x_wconf 88' lang='lat' dir='ltr'><strong>Antonius</strong></span> <span class='ocrx_word' id='word_1_106' title='bbox 1043 1711 1134 1776; x_wconf 86' lang='lat' dir='ltr'><strong>Marii</strong></span> <span class='ocrx_word' id='word_1_107' title='bbox 1157 1717 1188 1776; x_wconf 86' lang='lat' dir='ltr'><strong>et</strong></span> <span class='ocrx_word' id='word_1_108' title='bbox 1208 1710 1360 1775; x_wconf 81' lang='lat' dir='ltr'><strong>Marullus</strong></span> 
     </span>
     <span class='ocr_line' id='line_1_14' title="bbox 250 1807 1360 1898; baseline -0.001 -22"><span class='ocrx_word' id='word_1_109' title='bbox 250 1811 370 1898; x_wconf 75' lang='lat' dir='ltr'><strong>lippia,</strong></span> <span class='ocrx_word' id='word_1_110' title='bbox 392 1807 567 1874; x_wconf 83' lang='lat' dir='ltr'><strong>Lambinus</strong></span> <span class='ocrx_word' id='word_1_111' title='bbox 585 1837 645 1898; x_wconf 85' lang='lat' dir='ltr'><strong>per</strong></span> <span class='ocrx_word' id='word_1_112' title='bbox 668 1815 776 1898; x_wconf 65' lang='lat' dir='ltr'><strong>liqna.</strong></span> <span class='ocrx_word' id='word_1_113' title='bbox 799 1833 909 1877; x_wconf 89' lang='lat' dir='ltr'><strong>verum</strong></span> <span class='ocrx_word' id='word_1_114' title='bbox 938 1818 986 1877; x_wconf 88' lang='lat' dir='ltr'><strong>est</strong></span> <span class='ocrx_word' id='word_1_115' title='bbox 1014 1811 1100 1896; x_wconf 91' lang='lat' dir='ltr'><strong>quod</strong></span> <span class='ocrx_word' id='word_1_116' title='bbox 1122 1814 1360 1895; x_wconf 87' lang='lat' dir='ltr'><strong>Havercampus</strong></span> 
     </span>
     <span class='ocr_line' id='line_1_15' title="bbox 249 1909 1361 1998; baseline 0.001 -22"><span class='ocrx_word' id='word_1_117' title='bbox 249 1917 371 1976; x_wconf 87' lang='lat' dir='ltr'><strong>temere</strong></span> <span class='ocrx_word' id='word_1_118' title='bbox 393 1909 559 1976; x_wconf 89' lang='lat' dir='ltr'><strong>Vossianis</strong></span> <span class='ocrx_word' id='word_1_119' title='bbox 587 1912 763 1998; x_wconf 82' lang='lat' dir='ltr'><strong>adscribit,</strong></span> <span class='ocrx_word' id='word_1_120' title='bbox 790 1935 938 1991; x_wconf 82' lang='lat' dir='ltr'><strong>urcurs,</strong></span> <span class='ocrx_word' id='word_1_121' title='bbox 967 1912 1007 1979; x_wconf 94' lang='lat' dir='ltr'><strong>de</strong></span> <span class='ocrx_word' id='word_1_122' title='bbox 1036 1913 1143 1979; x_wconf 88' lang='lat' dir='ltr'><strong>resina</strong></span> <span class='ocrx_word' id='word_1_123' title='bbox 1171 1912 1268 1995; x_wconf 85' lang='lat' dir='ltr'><strong>lignis</strong></span> <span class='ocrx_word' id='word_1_124' title='bbox 1295 1931 1361 1977; x_wconf 91' lang='lat' dir='ltr'><strong>ma·</strong></span> 
     </span>
     <span class='ocr_line' id='line_1_16' title="bbox 250 2011 611 2093; baseline -0.003 -15"><span class='ocrx_word' id='word_1_125' title='bbox 250 2018 349 2078; x_wconf 89' lang='lat' dir='ltr'><strong>nante</strong></span> <span class='ocrx_word' id='word_1_126' title='bbox 372 2011 611 2093; x_wconf 84' lang='lat' dir='ltr'><strong>accipiendum.</strong></span> 
     </span>
    </p>

    <p class='ocr_par' dir='ltr' id='par_1_5' title="bbox 340 2116 1159 2200">
     <span class='ocr_line' id='line_1_17' title="bbox 340 2116 1159 2200; baseline -0.006 -17"><span class='ocrx_word' id='word_1_127' title='bbox 340 2118 413 2183; x_wconf 80' lang='grc'><strong>997.</strong></span> <span class='ocrx_word' id='word_1_128' title='bbox 437 2135 616 2200; x_wconf 70' lang='lat' dir='ltr'><strong>vannus,</strong></span> <span class='ocrx_word' id='word_1_129' title='bbox 641 2124 713 2188; x_wconf 86' lang='grc'><strong>989.</strong></span> <span class='ocrx_word' id='word_1_130' title='bbox 737 2140 921 2183; x_wconf 77' lang='lat' dir='ltr'><strong>varians.</strong></span> <span class='ocrx_word' id='word_1_131' title='bbox 944 2118 992 2181; x_wconf 84' lang='lat' dir='ltr'><strong>lta</strong></span> <span class='ocrx_word' id='word_1_132' title='bbox 1013 2116 1159 2182; x_wconf 87' lang='lat' dir='ltr'><strong>codices.</strong></span> 
     </span>
    </p>

    <p class='ocr_par' dir='ltr' id='par_1_6' title="bbox 342 2218 1243 2299">
     <span class='ocr_line' id='line_1_18' title="bbox 342 2218 1243 2299; baseline -0.003 -15"><span class='ocrx_word' id='word_1_133' title='bbox 342 2221 434 2286; x_wconf 88' lang='lat'>1000.</span> <span class='ocrx_word' id='word_1_134' title='bbox 457 2237 500 2278; x_wconf 83' lang='lat' dir='ltr'><strong>nr</strong></span> <span class='ocrx_word' id='word_1_135' title='bbox 522 2238 663 2283; x_wconf 84' lang='lat' dir='ltr'><strong>ouuns.</strong></span> <span class='ocrx_word' id='word_1_136' title='bbox 688 2220 870 2288; x_wconf 84' lang='lat' dir='ltr'><strong>Correctum</strong></span> <span class='ocrx_word' id='word_1_137' title='bbox 893 2220 926 2284; x_wconf 92' lang='lat' dir='ltr'><strong>in</strong></span> <span class='ocrx_word' id='word_1_138' title='bbox 949 2218 1089 2299; x_wconf 85' lang='lat' dir='ltr'><strong>oblongo</strong></span> <span class='ocrx_word' id='word_1_139' title='bbox 1113 2239 1243 2282; x_wconf 86' lang='lat' dir='ltr'><strong>ouurs.</strong></span> 
     </span>
    </p>

    <p class='ocr_par' dir='ltr' id='par_1_7' title="bbox 252 2319 1365 3423">
     <span class='ocr_line' id='line_1_19' title="bbox 343 2319 1362 2411; baseline 0 -27"><span class='ocrx_word' id='word_1_140' title='bbox 343 2323 435 2387; x_wconf 89' lang='lat'>1001.</span> <span class='ocrx_word' id='word_1_141' title='bbox 458 2340 633 2384; x_wconf 77' lang='lat' dir='ltr'><strong>rnnrcrur</strong></span> <span class='ocrx_word' id='word_1_142' title='bbox 656 2345 725 2386; x_wconf 90' lang='lat' dir='ltr'><strong>uu.</strong></span> <span class='ocrx_word' id='word_1_143' title='bbox 744 2323 912 2406; x_wconf 82' lang='lat' dir='ltr'><strong>Oblongus</strong></span> <span class='ocrx_word' id='word_1_144' title='bbox 929 2325 1156 2411; x_wconf 79' lang='lat' dir='ltr'><strong>perliceclum.</strong></span> <span class='ocrx_word' id='word_1_145' title='bbox 1172 2319 1264 2385; x_wconf 90' lang='lat' dir='ltr'><strong>Marii</strong></span> <span class='ocrx_word' id='word_1_146' title='bbox 1278 2319 1362 2384; x_wconf 87' lang='lat' dir='ltr'><strong>lilius</strong></span> 
     </span>
     <span class='ocr_line' id='line_1_20' title="bbox 252 2418 1363 2506; baseline -0.004 -18"><span class='ocrx_word' id='word_1_147' title='bbox 252 2429 286 2488; x_wconf 85' lang='lat' dir='ltr'><strong>ct</strong></span> <span class='ocrx_word' id='word_1_148' title='bbox 307 2418 465 2487; x_wconf 88' lang='lat' dir='ltr'><strong>Marullus</strong></span> <span class='ocrx_word' id='word_1_149' title='bbox 492 2443 689 2486; x_wconf 75' lang='lat' dir='ltr'><strong>rnurrcrnr</strong></span> <span class='ocrx_word' id='word_1_150' title='bbox 717 2448 805 2504; x_wconf 86' lang='lat' dir='ltr'><strong>vru,</strong></span> <span class='ocrx_word' id='word_1_151' title='bbox 834 2432 944 2491; x_wconf 86' lang='lat' dir='ltr'><strong>recte:</strong></span> <span class='ocrx_word' id='word_1_152' title='bbox 972 2445 1037 2488; x_wconf 91' lang='lat' dir='ltr'><strong>non</strong></span> <span class='ocrx_word' id='word_1_153' title='bbox 1064 2422 1167 2506; x_wconf 93' lang='lat' dir='ltr'><strong>potuit</strong></span> <span class='ocrx_word' id='word_1_154' title='bbox 1194 2421 1286 2486; x_wconf 87' lang='lat' dir='ltr'><strong>aliter</strong></span> <span class='ocrx_word' id='word_1_155' title='bbox 1311 2421 1363 2485; x_wconf 91' lang='lat' dir='ltr'><strong>hic</strong></span> 
     </span>
     <span class='ocr_line' id='line_1_21' title="bbox 252 2510 1364 2610; baseline -0.004 -20"><span class='ocrx_word' id='word_1_156' title='bbox 252 2520 396 2590; x_wconf 88' lang='lat' dir='ltr'><strong>scribere</strong></span> <span class='ocrx_word' id='word_1_157' title='bbox 411 2521 577 2588; x_wconf 87' lang='lat' dir='ltr'><strong>Lucretius</strong></span> <span class='ocrx_word' id='word_1_158' title='bbox 598 2545 693 2606; x_wconf 87' lang='lat' dir='ltr'><strong>quam</strong></span> <span class='ocrx_word' id='word_1_159' title='bbox 716 2510 843 2610; x_wconf 77' lang='lat' dir='ltr'><strong>scripsit</strong></span> <span class='ocrx_word' id='word_1_160' title='bbox 864 2527 898 2591; x_wconf 93' lang='lat' dir='ltr'><strong>in</strong></span> <span class='ocrx_word' id='word_1_161' title='bbox 914 2550 944 2604; x_wconf 89' lang='lat' dir='ltr'><strong>v,</strong></span> <span class='ocrx_word' id='word_1_162' title='bbox 959 2531 1040 2594; x_wconf 81' lang='lat'>1005</span> <span class='ocrx_word' id='word_1_163' title='bbox 1055 2524 1196 2591; x_wconf 79' lang='lat' dir='ltr'><strong>Subdola</strong></span> <span class='ocrx_word' id='word_1_164' title='bbox 1215 2524 1364 2607; x_wconf 81' lang='lat' dir='ltr'><strong>pellicere</strong></span> 
     </span>
     <span class='ocr_line' id='line_1_22' title="bbox 252 2622 1364 2711; baseline -0.004 -19"><span class='ocrx_word' id='word_1_165' title='bbox 252 2629 290 2692; x_wconf 79' lang='grc' dir='ltr'><em>ν’νν</em></span> <span class='ocrx_word' id='word_1_166' title='bbox 301 2623 480 2711; x_wconf 77' lang='lat' dir='ltr'><strong>fraudem.</strong></span> <span class='ocrx_word' id='word_1_167' title='bbox 496 2624 609 2690; x_wconf 90' lang='lat' dir='ltr'><strong>Lucilii</strong></span> <span class='ocrx_word' id='word_1_168' title='bbox 630 2645 742 2692; x_wconf 87' lang='lat' dir='ltr'><strong>versus</strong></span> <span class='ocrx_word' id='word_1_169' title='bbox 763 2647 784 2692; x_wconf 88' lang='lat' dir='ltr'><strong>a</strong></span> <span class='ocrx_word' id='word_1_170' title='bbox 798 2629 890 2694; x_wconf 90' lang='lat' dir='ltr'><strong>Velio</strong></span> <span class='ocrx_word' id='word_1_171' title='bbox 906 2630 1019 2708; x_wconf 81' lang='lat' dir='ltr'><strong>Longo</strong></span> <span class='ocrx_word' id='word_1_172' title='bbox 1034 2645 1065 2710; x_wconf 92' lang='lat' dir='ltr'><strong>p.</strong></span> <span class='ocrx_word' id='word_1_173' title='bbox 1079 2629 1162 2692; x_wconf 76' lang='lat'><strong>2227</strong></span> <span class='ocrx_word' id='word_1_174' title='bbox 1184 2624 1303 2689; x_wconf 90' lang='lat' dir='ltr'><strong>relatus</strong></span> <span class='ocrx_word' id='word_1_175' title='bbox 1318 2622 1364 2687; x_wconf 91' lang='lat' dir='ltr'><strong>vi·</strong></span> 
     </span>
     <span class='ocr_line' id='line_1_23' title="bbox 254 2724 1363 2815; baseline -0.004 -22"><span class='ocrx_word' id='word_1_176' title='bbox 254 2726 349 2793; x_wconf 87' lang='lat' dir='ltr'><strong>delur</strong></span> <span class='ocrx_word' id='word_1_177' title='bbox 362 2726 395 2791; x_wconf 91' lang='lat' dir='ltr'><strong>in</strong></span> <span class='ocrx_word' id='word_1_178' title='bbox 410 2725 494 2791; x_wconf 90' lang='lat' dir='ltr'><strong>hunc</strong></span> <span class='ocrx_word' id='word_1_179' title='bbox 508 2724 638 2792; x_wconf 91' lang='lat' dir='ltr'><strong>modum</strong></span> <span class='ocrx_word' id='word_1_180' title='bbox 654 2728 816 2793; x_wconf 90' lang='lat' dir='ltr'><strong>emendari</strong></span> <span class='ocrx_word' id='word_1_181' title='bbox 831 2749 928 2814; x_wconf 89' lang='lat' dir='ltr'><strong>posse</strong></span> <span class='ocrx_word' id='word_1_182' title='bbox 942 2779 950 2810; x_wconf 90' lang='lat'><strong><em>,</em></strong></span> <span class='ocrx_word' id='word_1_183' title='bbox 971 2732 1005 2794; x_wconf 81' lang='lat' dir='ltr'><strong>in</strong></span> <span class='ocrx_word' id='word_1_184' title='bbox 1019 2729 1204 2815; x_wconf 76' lang='lat' dir='ltr'><strong>praeposito</strong></span> <span class='ocrx_word' id='word_1_185' title='bbox 1217 2751 1277 2812; x_wconf 85' lang='lat' dir='ltr'><strong>per</strong></span> <span class='ocrx_word' id='word_1_186' title='bbox 1291 2725 1363 2790; x_wconf 90' lang='lat' dir='ltr'><strong>Pel·</strong></span> 
     </span>
     <span class='ocr_line' id='line_1_24' title="bbox 254 2827 1362 2919; baseline -0.002 -25"><span class='ocrx_word' id='word_1_187' title='bbox 254 2828 411 2911; x_wconf 82' lang='lat' dir='ltr'><strong>lice&#39;eud0‚</strong></span> <span class='ocrx_word' id='word_1_188' title='bbox 427 2831 483 2894; x_wconf 79' lang='lat' dir='ltr'><strong>loc</strong></span> <span class='ocrx_word' id='word_1_189' title='bbox 498 2842 542 2894; x_wconf 84' lang='lat' dir='ltr'><strong>est</strong></span> <span class='ocrx_word' id='word_1_190' title='bbox 556 2829 749 2913; x_wconf 81' lang='lat' dir='ltr'><strong>inducendo,</strong></span> <span class='ocrx_word' id='word_1_191' title='bbox 763 2835 921 2919; x_wconf 75' lang='lat' dir='ltr'><strong>yemt&#39;acto</strong></span> <span class='ocrx_word' id='word_1_192' title='bbox 937 2833 957 2896; x_wconf 88' lang='lat' dir='ltr'><strong>l.</strong></span> <span class='ocrx_word' id='word_1_193' title='bbox 973 2830 1006 2894; x_wconf 92' lang='lat' dir='ltr'><strong>id</strong></span> <span class='ocrx_word' id='word_1_194' title='bbox 1022 2833 1090 2905; x_wconf 81' lang='lat' dir='ltr'><strong>est,</strong></span> <span class='ocrx_word' id='word_1_195' title='bbox 1106 2827 1140 2892; x_wconf 90' lang='lat' dir='ltr'><strong>in</strong></span> <span class='ocrx_word' id='word_1_196' title='bbox 1150 2827 1362 2914; x_wconf 78' lang='lat' dir='ltr'><strong>pelliciendo,</strong></span> 
     </span>
     <span class='ocr_line' id='line_1_25' title="bbox 255 2926 1364 3016; baseline -0.003 -22"><span class='ocrx_word' id='word_1_197' title='bbox 255 2926 344 3015; x_wconf 91' lang='lat' dir='ltr'><strong>quod</strong></span> <span class='ocrx_word' id='word_1_198' title='bbox 371 2928 406 2994; x_wconf 90' lang='lat' dir='ltr'><strong>fit</strong></span> <span class='ocrx_word' id='word_1_199' title='bbox 431 2954 490 3016; x_wconf 86' lang='lat' dir='ltr'><strong>per</strong></span> <span class='ocrx_word' id='word_1_200' title='bbox 515 2930 722 3015; x_wconf 90' lang='lat' dir='ltr'><strong>praeposito,</strong></span> <span class='ocrx_word' id='word_1_201' title='bbox 752 2931 923 2997; x_wconf 90' lang='lat' dir='ltr'><strong>llitteram</strong></span> <span class='ocrx_word' id='word_1_202' title='bbox 952 2932 1116 3014; x_wconf 84' lang='lat' dir='ltr'><strong>geminare</strong></span> <span class='ocrx_word' id='word_1_203' title='bbox 1143 2929 1267 2995; x_wconf 87' lang='lat' dir='ltr'><strong>debes.</strong></span> <span class='ocrx_word' id='word_1_204' title='bbox 1289 2927 1364 2992; x_wconf 91' lang='lat' dir='ltr'><strong>Put-</strong></span> 
     </span>
     <span class='ocr_line' id='line_1_26' title="bbox 255 3030 1363 3120; baseline -0.005 -20"><span class='ocrx_word' id='word_1_205' title='bbox 255 3031 365 3099; x_wconf 85' lang='lat' dir='ltr'><strong>schius</strong></span> <span class='ocrx_word' id='word_1_206' title='bbox 379 3030 459 3096; x_wconf 77' lang='lat' dir='ltr'><strong>haec</strong></span> <span class='ocrx_word' id='word_1_207' title='bbox 473 3032 582 3110; x_wconf 81' lang='lat' dir='ltr'><strong>dedit,</strong></span> <span class='ocrx_word' id='word_1_208' title='bbox 599 3034 666 3098; x_wconf 89' lang='lat' dir='ltr'><strong>Nec</strong></span> <span class='ocrx_word' id='word_1_209' title='bbox 681 3034 776 3097; x_wconf 79' lang='lat' dir='ltr'><strong>aliter</strong></span> <span class='ocrx_word' id='word_1_210' title='bbox 791 3034 881 3120; x_wconf 77' lang='lat' dir='ltr'><strong>apud</strong></span> <span class='ocrx_word' id='word_1_211' title='bbox 893 3035 1055 3099; x_wconf 75' lang='lat' dir='ltr'><strong>Lucillam</strong></span> <span class='ocrx_word' id='word_1_212' title='bbox 1072 3034 1207 3120; x_wconf 78' lang='lat' dir='ltr'><strong>lepilur.</strong></span> <span class='ocrx_word' id='word_1_213' title='bbox 1223 3033 1258 3095; x_wconf 80' lang='grc' dir='ltr'><strong>ν’νι</strong></span> <span class='ocrx_word' id='word_1_214' title='bbox 1266 3054 1363 3115; x_wconf 81' lang='lat' dir='ltr'><strong>prae·</strong></span> 
     </span>
     <span class='ocr_line' id='line_1_27' title="bbox 252 3129 1365 3224; baseline -0.007 -22"><span class='ocrx_word' id='word_1_215' title='bbox 252 3137 409 3224; x_wconf 73' lang='lat' dir='ltr'><strong>poar‘te‘oae</strong></span> <span class='ocrx_word' id='word_1_216' title='bbox 426 3158 486 3220; x_wconf 86' lang='lat' dir='ltr'><strong>per</strong></span> <span class='ocrx_word' id='word_1_217' title='bbox 504 3156 523 3197; x_wconf 80' lang='lat' dir='ltr'><strong>u</strong></span> <span class='ocrx_word' id='word_1_218' title='bbox 542 3134 677 3200; x_wconf 83' lang='lat' dir='ltr'><strong>liciendo</strong></span> <span class='ocrx_word' id='word_1_219' title='bbox 687 3182 696 3217; x_wconf 87' lang='lat'><em>,</em></span> <span class='ocrx_word' id='word_1_220' title='bbox 721 3135 807 3221; x_wconf 83' lang='lat' dir='ltr'><strong>quod</strong></span> <span class='ocrx_word' id='word_1_221' title='bbox 827 3151 871 3201; x_wconf 82' lang='lat' dir='ltr'><strong>eal</strong></span> <span class='ocrx_word' id='word_1_222' title='bbox 893 3135 1088 3216; x_wconf 81' lang='lat' dir='ltr'><strong>inducendo,</strong></span> <span class='ocrx_word' id='word_1_223' title='bbox 1108 3134 1249 3220; x_wconf 76' lang='lat' dir='ltr'><strong>peminal</strong></span> <span class='ocrx_word' id='word_1_224' title='bbox 1264 3133 1284 3196; x_wconf 86' lang='lat' dir='ltr'><strong>l.</strong></span> <span class='ocrx_word' id='word_1_225' title='bbox 1307 3129 1365 3195; x_wconf 86' lang='lat' dir='ltr'><strong>sed</strong></span> 
     </span>
     <span class='ocr_line' id='line_1_28' title="bbox 256 3231 1365 3324; baseline -0.006 -21"><span class='ocrx_word' id='word_1_226' title='bbox 256 3253 341 3321; x_wconf 79' lang='lat' dir='ltr'><strong>quae</strong></span> <span class='ocrx_word' id='word_1_227' title='bbox 352 3240 520 3315; x_wconf 81' lang='lat' dir='ltr'><strong>secuntur,</strong></span> <span class='ocrx_word' id='word_1_228' title='bbox 534 3237 681 3321; x_wconf 80' lang='lat' dir='ltr'><strong>pellicere</strong></span> <span class='ocrx_word' id='word_1_229' title='bbox 692 3239 813 3302; x_wconf 76' lang='lat' dir='ltr'><strong>malum</strong></span> <span class='ocrx_word' id='word_1_230' title='bbox 825 3262 920 3323; x_wconf 80' lang='lat' dir='ltr'><strong>quam</strong></span> <span class='ocrx_word' id='word_1_231' title='bbox 929 3239 1085 3324; x_wconf 78' lang='lat' dir='ltr'><strong>perlicere</strong></span> <span class='ocrx_word' id='word_1_232' title='bbox 1096 3286 1104 3318; x_wconf 93' lang='lat'><strong><em>,</em></strong></span> <span class='ocrx_word' id='word_1_233' title='bbox 1118 3254 1157 3300; x_wconf 79' lang='lat' dir='ltr'><strong>ea</strong></span> <span class='ocrx_word' id='word_1_234' title='bbox 1167 3233 1250 3299; x_wconf 86' lang='lat' dir='ltr'><strong>Velii</strong></span> <span class='ocrx_word' id='word_1_235' title='bbox 1260 3231 1365 3315; x_wconf 80' lang='lat' dir='ltr'><strong>Longi</strong></span> 
     </span>
     <span class='ocr_line' id='line_1_29' title="bbox 257 3334 1364 3423; baseline -0.007 -17"><span class='ocrx_word' id='word_1_236' title='bbox 257 3357 352 3423; x_wconf 86' lang='lat' dir='ltr'><strong>esse,</strong></span> <span class='ocrx_word' id='word_1_237' title='bbox 368 3358 433 3403; x_wconf 91' lang='lat' dir='ltr'><strong>non</strong></span> <span class='ocrx_word' id='word_1_238' title='bbox 447 3336 580 3417; x_wconf 86' lang='lat' dir='ltr'><strong>Lucilii,</strong></span> <span class='ocrx_word' id='word_1_239' title='bbox 596 3337 783 3422; x_wconf 87' lang='lat' dir='ltr'><strong>apparebit,</strong></span> <span class='ocrx_word' id='word_1_240' title='bbox 808 3338 834 3402; x_wconf 91' lang='lat' dir='ltr'><strong>si</strong></span> <span class='ocrx_word' id='word_1_241' title='bbox 858 3358 940 3422; x_wconf 90' lang='lat' dir='ltr'><strong>quae</strong></span> <span class='ocrx_word' id='word_1_242' title='bbox 962 3343 1204 3421; x_wconf 84' lang='lat' dir='ltr'><strong>praecessenmt</strong></span> <span class='ocrx_word' id='word_1_243' title='bbox 1225 3334 1364 3417; x_wconf 81' lang='lat' dir='ltr'><strong>legeris.</strong></span> 
     </span>
    </p>

    <p class='ocr_par' dir='ltr' id='par_1_8' title="bbox 346 3426 1364 3520">
     <span class='ocr_line' id='line_1_30' title="bbox 346 3426 1364 3520; baseline -0.008 -12"><span class='ocrx_word' id='word_1_244' title='bbox 346 3426 444 3510; x_wconf 78' lang='lat'>1005.</span> <span class='ocrx_word' id='word_1_245' title='bbox 464 3444 556 3509; x_wconf 78' lang='lat'>1017.</span> <span class='ocrx_word' id='word_1_246' title='bbox 586 3460 680 3503; x_wconf 80' lang='lat' dir='ltr'><strong>vaca</strong></span> <span class='ocrx_word' id='word_1_247' title='bbox 706 3462 788 3503; x_wconf 87' lang='lat' dir='ltr'><strong>rrr.</strong></span> <span class='ocrx_word' id='word_1_248' title='bbox 816 3438 1000 3517; x_wconf 86' lang='lat' dir='ltr'><strong>Quadratus</strong></span> <span class='ocrx_word' id='word_1_249' title='bbox 1029 3443 1147 3505; x_wconf 77' lang='lat' dir='ltr'><strong>accesit</strong></span> <span class='ocrx_word' id='word_1_250' title='bbox 1175 3439 1364 3520; x_wconf 89' lang='lat' dir='ltr'><strong>utrobique.</strong></span> 
     </span>
    </p>
   </div>
   <div class='ocr_carea' id='block_1_3' title="bbox 257 3539 1470 3625">
    <p class='ocr_par' dir='ltr' id='par_1_9' title="bbox 257 3539 1470 3625">
     <span class='ocr_line' id='line_1_31' title="bbox 257 3539 1470 3625; baseline -0.007 -14"><span class='ocrx_word' id='word_1_251' title='bbox 257 3549 397 3613; x_wconf 84' lang='lat' dir='ltr'><strong>ceterum</strong></span> <span class='ocrx_word' id='word_1_252' title='bbox 425 3542 502 3607; x_wconf 92' lang='lat' dir='ltr'><strong>mibi</strong></span> <span class='ocrx_word' id='word_1_253' title='bbox 528 3541 632 3606; x_wconf 91' lang='lat' dir='ltr'><strong>adhuc</strong></span> <span class='ocrx_word' id='word_1_254' title='bbox 660 3541 877 3625; x_wconf 89' lang='lat' dir='ltr'><strong>quaerendum</strong></span> <span class='ocrx_word' id='word_1_255' title='bbox 900 3542 1025 3607; x_wconf 88' lang='lat' dir='ltr'><strong>videtur</strong></span> <span class='ocrx_word' id='word_1_256' title='bbox 1048 3541 1162 3623; x_wconf 89' lang='lat' dir='ltr'><strong>quibus</strong></span> <span class='ocrx_word' id='word_1_257' title='bbox 1184 3539 1366 3604; x_wconf 88' lang='lat' dir='ltr'><strong>auctoribus</strong></span> <span class='ocrx_word' id='word_1_258' title='bbox 1466 3618 1470 3625; x_wconf 80' lang='lat'><strong>.</strong></span> 
     </span>
    </p>
   </div>
   <div class='ocr_carea' id='block_1_4' title="bbox 256 3638 1367 3933">
    <p class='ocr_par' dir='ltr' id='par_1_10' title="bbox 256 3638 1367 3933">
     <span class='ocr_line' id='line_1_32' title="bbox 256 3638 1365 3730; baseline -0.011 -16"><span class='ocrx_word' id='word_1_259' title='bbox 256 3647 355 3730; x_wconf 83' lang='lat' dir='ltr'><strong>vulgo</strong></span> <span class='ocrx_word' id='word_1_260' title='bbox 383 3645 417 3708; x_wconf 94' lang='lat' dir='ltr'><strong>in</strong></span> <span class='ocrx_word' id='word_1_261' title='bbox 445 3643 587 3708; x_wconf 87' lang='lat' dir='ltr'><strong>oratione</strong></span> <span class='ocrx_word' id='word_1_262' title='bbox 616 3643 722 3709; x_wconf 87' lang='lat' dir='ltr'><strong>soluta</strong></span> <span class='ocrx_word' id='word_1_263' title='bbox 751 3644 907 3709; x_wconf 88' lang='lat' dir='ltr'><strong>scribatur</strong></span> <span class='ocrx_word' id='word_1_264' title='bbox 933 3643 1160 3728; x_wconf 75' lang='lat' dir='ltr'><strong>cccoefhcloa.</strong></span> <span class='ocrx_word' id='word_1_265' title='bbox 1187 3660 1261 3704; x_wconf 90' lang='lat' dir='ltr'><strong>nam</strong></span> <span class='ocrx_word' id='word_1_266' title='bbox 1289 3638 1365 3703; x_wconf 92' lang='lat' dir='ltr'><strong>mihi</strong></span> 
     </span>
     <span class='ocr_line' id='line_1_33' title="bbox 258 3741 1366 3826; baseline -0.01 -10"><span class='ocrx_word' id='word_1_267' title='bbox 258 3754 346 3817; x_wconf 86' lang='lat' dir='ltr'><strong>certo</strong></span> <span class='ocrx_word' id='word_1_268' title='bbox 374 3751 498 3812; x_wconf 89' lang='lat' dir='ltr'><strong>constat</strong></span> <span class='ocrx_word' id='word_1_269' title='bbox 523 3743 586 3810; x_wconf 92' lang='lat' dir='ltr'><strong>hoo</strong></span> <span class='ocrx_word' id='word_1_270' title='bbox 611 3765 714 3826; x_wconf 81' lang='lat' dir='ltr'><strong>genus</strong></span> <span class='ocrx_word' id='word_1_271' title='bbox 740 3746 919 3824; x_wconf 82' lang='lat' dir='ltr'><strong>vocabula,</strong></span> <span class='ocrx_word' id='word_1_272' title='bbox 943 3743 983 3809; x_wconf 92' lang='lat' dir='ltr'><strong>de</strong></span> <span class='ocrx_word' id='word_1_273' title='bbox 1006 3743 1122 3825; x_wconf 91' lang='lat' dir='ltr'><strong>quibus</strong></span> <span class='ocrx_word' id='word_1_274' title='bbox 1144 3741 1209 3806; x_wconf 91' lang='lat' dir='ltr'><strong>alia</strong></span> <span class='ocrx_word' id='word_1_275' title='bbox 1230 3741 1297 3806; x_wconf 84' lang='lat' dir='ltr'><strong>dixi</strong></span> <span class='ocrx_word' id='word_1_276' title='bbox 1323 3741 1366 3805; x_wconf 91' lang='lat' dir='ltr'><strong>ad</strong></span> 
     </span>
     <span class='ocr_line' id='line_1_34' title="bbox 257 3843 1367 3933; baseline -0.01 -15"><span class='ocrx_word' id='word_1_277' title='bbox 257 3852 376 3918; x_wconf 91' lang='lat' dir='ltr'><strong>librum</strong></span> <span class='ocrx_word' id='word_1_278' title='bbox 390 3873 436 3928; x_wconf 90' lang='lat'>111,</span> <span class='ocrx_word' id='word_1_279' title='bbox 447 3853 530 3926; x_wconf 87' lang='grc'><strong>996,</strong></span> <span class='ocrx_word' id='word_1_280' title='bbox 547 3866 651 3930; x_wconf 88' lang='lat' dir='ltr'><strong>neque</strong></span> <span class='ocrx_word' id='word_1_281' title='bbox 672 3848 842 3933; x_wconf 87' lang='lat' dir='ltr'><strong>trisyllaba</strong></span> <span class='ocrx_word' id='word_1_282' title='bbox 864 3866 936 3912; x_wconf 87' lang='lat' dir='ltr'><strong>esse</strong></span> <span class='ocrx_word' id='word_1_283' title='bbox 959 3845 1021 3910; x_wconf 88' lang='lat' dir='ltr'><strong>nisi</strong></span> <span class='ocrx_word' id='word_1_284' title='bbox 1043 3843 1219 3929; x_wconf 89' lang='lat' dir='ltr'><strong>composita</strong></span> <span class='ocrx_word' id='word_1_285' title='bbox 1234 3843 1315 3922; x_wconf 86' lang='lat' dir='ltr'><strong>sint,</strong></span> <span class='ocrx_word' id='word_1_286' title='bbox 1331 3849 1367 3908; x_wconf 89' lang='lat' dir='ltr'><strong>ut</strong></span> 
     </span>
    </p>
   </div>
   <div class='ocr_carea' id='block_1_5' title="bbox 258 3945 1485 4038">
    <p class='ocr_par' dir='ltr' id='par_1_11' title="bbox 258 3945 1485 4038">
     <span class='ocr_line' id='line_1_35' title="bbox 258 3945 1485 4038; baseline -0.008 -18"><span class='ocrx_word' id='word_1_287' title='bbox 258 3954 361 4021; x_wconf 82' lang='lat' dir='ltr'><strong>obaole</strong></span> <span class='ocrx_word' id='word_1_288' title='bbox 372 3953 472 4038; x_wconf 81' lang='lat' dir='ltr'><strong>fleri,</strong></span> <span class='ocrx_word' id='word_1_289' title='bbox 488 3969 592 4031; x_wconf 91' lang='lat' dir='ltr'><strong>neque</strong></span> <span class='ocrx_word' id='word_1_290' title='bbox 615 3949 838 4033; x_wconf 89' lang='lat' dir='ltr'><strong>monosyllaba</strong></span> <span class='ocrx_word' id='word_1_291' title='bbox 859 3949 921 4014; x_wconf 92' lang='lat' dir='ltr'><strong>nisi</strong></span> <span class='ocrx_word' id='word_1_292' title='bbox 943 3948 1081 4015; x_wconf 85' lang='lat' dir='ltr'><strong>elittera</strong></span> <span class='ocrx_word' id='word_1_293' title='bbox 1102 3945 1248 4025; x_wconf 85' lang='lat' dir='ltr'><strong>abiecta,</strong></span> <span class='ocrx_word' id='word_1_294' title='bbox 1263 3946 1366 4032; x_wconf 69' lang='lat' dir='ltr'><strong>cclfa</strong></span> <span class='ocrx_word' id='word_1_295' title='bbox 1478 3982 1485 3996; x_wconf 93' lang='lat'><strong>·</strong></span> 
     </span>
    </p>
   </div>
   <div class='ocr_carea' id='block_1_6' title="bbox 257 4047 1367 4442">
    <p class='ocr_par' dir='ltr' id='par_1_12' title="bbox 257 4047 1367 4442">
     <span class='ocr_line' id='line_1_36' title="bbox 257 4047 1366 4140; baseline -0.01 -18"><span class='ocrx_word' id='word_1_296' title='bbox 257 4080 327 4122; x_wconf 83' lang='lat' dir='ltr'><strong>cere</strong></span> <span class='ocrx_word' id='word_1_297' title='bbox 349 4054 505 4140; x_wconf 84' lang='lat' dir='ltr'><strong>olfacere.</strong></span> <span class='ocrx_word' id='word_1_298' title='bbox 528 4058 655 4135; x_wconf 90' lang='lat' dir='ltr'><strong>praeter</strong></span> <span class='ocrx_word' id='word_1_299' title='bbox 680 4050 761 4116; x_wconf 89' lang='lat' dir='ltr'><strong>haec</strong></span> <span class='ocrx_word' id='word_1_300' title='bbox 786 4056 893 4116; x_wconf 89' lang='lat' dir='ltr'><strong>tamen</strong></span> <span class='ocrx_word' id='word_1_301' title='bbox 919 4047 1158 4116; x_wconf 86' lang='lat' dir='ltr'><strong>concedendum</strong></span> <span class='ocrx_word' id='word_1_302' title='bbox 1180 4053 1229 4113; x_wconf 86' lang='lat' dir='ltr'><strong>est</strong></span> <span class='ocrx_word' id='word_1_303' title='bbox 1249 4049 1366 4113; x_wconf 83' lang='lat' dir='ltr'><strong>Teren-</strong></span> 
     </span>
     <span class='ocr_line' id='line_1_37' title="bbox 257 4148 1367 4238; baseline -0.007 -16"><span class='ocrx_word' id='word_1_304' title='bbox 257 4157 337 4222; x_wconf 87' lang='lat' dir='ltr'><strong>tium</strong></span> <span class='ocrx_word' id='word_1_305' title='bbox 359 4153 484 4218; x_wconf 91' lang='lat' dir='ltr'><strong>duabus</strong></span> <span class='ocrx_word' id='word_1_306' title='bbox 506 4154 640 4238; x_wconf 89' lang='lat' dir='ltr'><strong>syllabis</strong></span> <span class='ocrx_word' id='word_1_307' title='bbox 665 4153 699 4217; x_wconf 94' lang='lat' dir='ltr'><strong>in</strong></span> <span class='ocrx_word' id='word_1_308' title='bbox 723 4173 820 4217; x_wconf 91' lang='lat' dir='ltr'><strong>unam</strong></span> <span class='ocrx_word' id='word_1_309' title='bbox 847 4152 990 4219; x_wconf 89' lang='lat' dir='ltr'><strong>conflatis</strong></span> <span class='ocrx_word' id='word_1_310' title='bbox 1016 4150 1137 4216; x_wconf 82' lang='lat' dir='ltr'><strong>dixisse</strong></span> <span class='ocrx_word' id='word_1_311' title='bbox 1157 4149 1192 4214; x_wconf 91' lang='lat' dir='ltr'><strong>in</strong></span> <span class='ocrx_word' id='word_1_312' title='bbox 1211 4148 1367 4232; x_wconf 87' lang='lat' dir='ltr'><strong>Adelphis</strong></span> 
     </span>
     <span class='ocr_line' id='line_1_38' title="bbox 257 4255 1367 4344; baseline -0.007 -20"><span class='ocrx_word' id='word_1_313' title='bbox 257 4284 279 4344; x_wconf 88' lang='lat'><strong>1,</strong></span> <span class='ocrx_word' id='word_1_314' title='bbox 296 4265 324 4338; x_wconf 87' lang='lat'><strong>1,</strong></span> <span class='ocrx_word' id='word_1_315' title='bbox 336 4262 378 4325; x_wconf 78' lang='lat'><strong>29</strong></span> <span class='ocrx_word' id='word_1_316' title='bbox 393 4261 435 4324; x_wconf 83' lang='lat'><strong>49</strong></span> <span class='ocrx_word' id='word_1_317' title='bbox 457 4278 503 4339; x_wconf 84' lang='lat'>111,</span> <span class='ocrx_word' id='word_1_318' title='bbox 516 4261 546 4333; x_wconf 83' lang='lat'><strong>3,</strong></span> <span class='ocrx_word' id='word_1_319' title='bbox 558 4261 600 4324; x_wconf 91' lang='grc'><strong>60</strong></span> <span class='ocrx_word' id='word_1_320' title='bbox 624 4256 833 4342; x_wconf 80' lang='lat' dir='ltr'><strong>consuefeci,</strong></span> <span class='ocrx_word' id='word_1_321' title='bbox 854 4279 963 4321; x_wconf 76' lang='lat' dir='ltr'><strong>coaeve</strong></span> <span class='ocrx_word' id='word_1_322' title='bbox 974 4256 1108 4341; x_wconf 82' lang='lat' dir='ltr'><strong>facere,</strong></span> <span class='ocrx_word' id='word_1_323' title='bbox 1129 4279 1239 4321; x_wconf 77' lang='lat' dir='ltr'><strong>collove</strong></span> <span class='ocrx_word' id='word_1_324' title='bbox 1250 4255 1367 4340; x_wconf 83' lang='lat' dir='ltr'><strong>focio:</strong></span> 
     </span>
     <span class='ocr_line' id='line_1_39' title="bbox 258 4354 1367 4442; baseline -0.011 -14"><span class='ocrx_word' id='word_1_325' title='bbox 258 4380 334 4428; x_wconf 81' lang='lat' dir='ltr'><strong>nam</strong></span> <span class='ocrx_word' id='word_1_326' title='bbox 345 4357 536 4423; x_wconf 90' lang='lat' dir='ltr'><strong>vocabulum</strong></span> <span class='ocrx_word' id='word_1_327' title='bbox 548 4357 740 4442; x_wconf 87' lang='lat' dir='ltr'><strong>dactylicum</strong></span> <span class='ocrx_word' id='word_1_328' title='bbox 752 4376 902 4424; x_wconf 85' lang='lat' dir='ltr'><strong>versuum</strong></span> <span class='ocrx_word' id='word_1_329' title='bbox 916 4356 995 4422; x_wconf 89' lang='lat' dir='ltr'><strong>ratio</strong></span> <span class='ocrx_word' id='word_1_330' title='bbox 1011 4376 1076 4421; x_wconf 92' lang='lat' dir='ltr'><strong>non</strong></span> <span class='ocrx_word' id='word_1_331' title='bbox 1091 4354 1243 4421; x_wconf 90' lang='lat' dir='ltr'><strong>admittit.</strong></span> <span class='ocrx_word' id='word_1_332' title='bbox 1257 4359 1367 4417; x_wconf 87' lang='lat' dir='ltr'><strong>contra</strong></span> 
     </span>
    </p>
   </div>
   <div class='ocr_carea' id='block_1_7' title="bbox 259 4455 1499 4547">
    <p class='ocr_par' dir='ltr' id='par_1_13' title="bbox 259 4455 1499 4547">
     <span class='ocr_line' id='line_1_40' title="bbox 259 4455 1499 4547; baseline -0.011 -17"><span class='ocrx_word' id='word_1_333' title='bbox 259 4460 396 4547; x_wconf 87' lang='lat' dir='ltr'><strong>syllabis</strong></span> <span class='ocrx_word' id='word_1_334' title='bbox 410 4458 546 4526; x_wconf 88' lang='lat' dir='ltr'><strong>diductis</strong></span> <span class='ocrx_word' id='word_1_335' title='bbox 561 4457 751 4526; x_wconf 87' lang='lat' dir='ltr'><strong>Prudentius</strong></span> <span class='ocrx_word' id='word_1_336' title='bbox 772 4458 1011 4524; x_wconf 86' lang='lat' dir='ltr'><strong>cathemerinon</strong></span> <span class='ocrx_word' id='word_1_337' title='bbox 1032 4457 1151 4542; x_wconf 92' lang='lat' dir='ltr'><strong>hymno</strong></span> <span class='ocrx_word' id='word_1_338' title='bbox 1167 4460 1276 4535; x_wconf 86' lang='lat' dir='ltr'>v11,84</span> <span class='ocrx_word' id='word_1_339' title='bbox 1291 4455 1366 4519; x_wconf 76' lang='lat' dir='ltr'><strong>Fal·</strong></span> <span class='ocrx_word' id='word_1_340' title='bbox 1496 4462 1499 4469; x_wconf 86' lang='lat'>&#39;</span> 
     </span>
    </p>
   </div>
   <div class='ocr_carea' id='block_1_8' title="bbox 257 4553 1366 4652">
    <p class='ocr_par' dir='ltr' id='par_1_14' title="bbox 257 4553 1366 4652">
     <span class='ocr_line' id='line_1_41' title="bbox 257 4553 1366 4652; baseline -0.014 -19"><span class='ocrx_word' id='word_1_341' title='bbox 257 4589 330 4633; x_wconf 79' lang='lat' dir='ltr'><strong>mere</strong></span> <span class='ocrx_word' id='word_1_342' title='bbox 352 4565 481 4652; x_wconf 77' lang='lat' dir='ltr'><strong>benipnl&#39;</strong></span> <span class='ocrx_word' id='word_1_343' title='bbox 500 4563 750 4650; x_wconf 63' lang='lat' dir='ltr'><strong>mansuefactum</strong></span> <span class='ocrx_word' id='word_1_344' title='bbox 770 4563 894 4648; x_wconf 78' lang='lat' dir='ltr'><strong>polre‘c.</strong></span> <span class='ocrx_word' id='word_1_345' title='bbox 913 4558 1008 4644; x_wconf 85' lang='lat' dir='ltr'><strong>plura</strong></span> <span class='ocrx_word' id='word_1_346' title='bbox 1030 4559 1141 4624; x_wconf 88' lang='lat' dir='ltr'><strong>horum</strong></span> <span class='ocrx_word' id='word_1_347' title='bbox 1165 4561 1196 4623; x_wconf 87' lang='grc'><strong>91</strong></span> <span class='ocrx_word' id='word_1_348' title='bbox 1217 4553 1366 4621; x_wconf 85' lang='lat' dir='ltr'><strong>similium</strong></span> 
     </span>
    </p>
   </div>
   <div class='ocr_carea' id='block_1_9' title="bbox 0 0 1778 5442">
    <p class='ocr_par' dir='ltr' id='par_1_15' title="bbox 0 0 1778 5442">
     <span class='ocr_line' id='line_1_42' title="bbox 0 0 1778 5442; baseline 0 0"><span class='ocrx_word' id='word_1_349' title='bbox 0 0 1778 5442; x_wconf 95' lang='lat' dir='ltr'><strong> </strong></span> 
     </span>
    </p>
   </div>
  </div>
 </body>
</html>
