3509 5442
326 573 388 641 164
853 563 899 628 ΠΙ

324 759 428 822 neque
442 736 563 803 Ennius
584 737 619 801 in
634 755 771 817 quonam
792 734 883 798 metri
905 752 1022 815 genere
1037 735 1102 798 Eia
1116 735 1304 798 machaeras
1318 730 1426 795 dixerit

325 864 364 909 ex
386 841 495 908 Servio
518 839 560 903 ad
582 841 660 904 Aen.
677 860 719 918 rx,
733 842 773 904 38
796 836 874 900 satis
896 841 1046 918 apparet.
1068 835 1191 900 Probus
1207 855 1237 918 p.
1254 836 1336 901 1421
1361 835 1427 897 item

325 949 396 1011 heia
407 957 526 1010 coastat
536 941 681 1029 spoadt'o.
700 937 784 1002 idern
799 957 830 1020 p.
847 942 928 1005 1430
943 938 1015 1001 heth
1026 952 1145 1002 coastat
1156 938 1366 1002 trochaeo—5
1373 959 1426 1020 po

325 1061 381 1112 test
392 1061 494 1111 tamea
504 1046 539 1108 e'a
550 1045 729 1107 necessitate
741 1064 801 1125 pro
814 1040 908 1124 loapa
921 1043 1017 1124 poni.
1033 1038 1120 1121 apud
1130 1039 1280 1104 Plautum
1291 1036 1428 1102 Ritsehe

323 1148 387 1214 lius
401 1147 434 1211 in
449 1163 608 1229 parergon
622 1147 706 1205 tomo
723 1161 779 1223 rp.
791 1146 855 1209 454
871 1144 921 1205 eie
938 1139 1079 1203 trochaei
1094 1159 1279 1206 mensuram
1294 1156 1428 1220 aequare

325 1250 453 1327 scribit3
473 1249 562 1313 cuius
583 1244 631 1308 rei
661 1262 721 1323 ego
745 1248 863 1307 certum
887 1242 1067 1324 exemplum
1087 1262 1152 1307 non
1173 1242 1322 1326 repperi:
1339 1261 1428 1306 voca

325 1355 387 1418 lem
410 1356 441 1416 et
459 1349 569 1414 elisam
592 1351 624 1410 et
645 1345 713 1409 sine
729 1345 862 1409 elisione
877 1343 1065 1426 productam
1078 1343 1172 1409 video
1193 1345 1227 1408 in
1250 1345 1314 1408 hoc
1327 1363 1427 1420 versu
1454 1427 1457 1440 Ι

326 1455 381 1536 qui
391 1451 484 1517 estin
495 1452 593 1514 Persa
607 1469 641 1524 11,
653 1450 683 1523 2,
696 1452 738 1514 30
750 1497 757 1523 ‚
774 1449 860 1510 Heia
873 1496 880 1510 .
897 1448 972 1512 heiu'
980 1497 987 1511 .
1003 1462 1055 1512 tac
1067 1452 1107 1510 aa
1118 1448 1243 1531 inpeat'o
1255 1447 1361 1510 mares
1373 1445 1427 1508 ali-

326 1559 399 1623 enos
409 1555 547 1641 probes.
564 1553 701 1613 ceterum
720 1546 902 1629 frequentat
923 1548 1088 1613 elisionem
1110 1546 1194 1610 idem
1210 1551 1327 1630 poeta,
1343 1550 1379 1609 ut
1399 1545 1427 1607 in
1457 1560 1461 1567 ·

326 1654 439 1738 Amph.
455 1676 499 1734 111,
512 1656 541 1728 2,
554 1655 616 1728 20,
632 1649 666 1713 in
678 1648 792 1714 Baceh.
809 1674 829 1728 r,
839 1656 866 1728 1,
875 1656 937 1728 43,
953 1651 988 1714 in
998 1649 1116 1714 Casina
1129 1671 1175 1729 111,
1187 1654 1217 1726 6,
1229 1653 1272 1726 4,
1288 1648 1321 1712 in
1335 1649 1426 1712 Poen.

325 1782 371 1836 111,
386 1762 413 1835 1,
426 1761 488 1832 69,
504 1754 537 1816 in
548 1751 677 1815 Trucul.
694 1773 714 1827 r,
727 1756 757 1828 2,
770 1757 812 1820 90
827 1758 858 1817 et
872 1776 905 1831 n,
918 1758 948 1832 6,
960 1757 1023 1819 4οε
1039 1769 1143 1832 neque
1154 1749 1310 1815 abstinuit
1322 1768 1364 1814 ea
1371 1751 1427 1813 Te-

325 1859 445 1926 rentius
456 1857 489 1921 in
501 1856 581 1919 Eun.
597 1875 627 1930 r,
641 1859 670 1929 8,
683 1858 743 1930 35,
759 1853 792 1916 in
804 1853 958 1938 Adelphis
973 1875 1003 1930 v,
1015 1858 1044 1934 4,
1061 1858 1113 1931 14,
1129 1852 1162 1915 in
1173 1852 1287 1915 Heaut.
1300 1857 1368 1930 ub,
1377 1856 1426 1918 19.

324 1962 384 2027 hos
398 1966 504 2025 tamen
526 1976 565 2021 ex
581 1955 694 2020 ceteris
713 1955 814 2037 poe'tis
829 1954 923 2037 pauci
939 1955 1039 2019 secuti
1062 1959 1154 2030 sunt,
1170 1952 1231 2017 nisi
1254 1954 1343 2034 quod
1354 1954 1427 2017 Ver-

325 2063 421 2145 gilius
442 2062 475 2124 in
497 2060 576 2125 Aen.
592 2080 635 2133 rx,
649 2062 689 2124 38
711 2057 855 2120 vocalem
884 2063 956 2122 ante
983 2055 1268 2139 interpunctionem
1296 2055 1381 2120 elisit
1401 2059 1427 2118 et
1463 2056 1465 2069 '

325 2167 359 2230 in
380 2187 413 2227 1v
435 2165 513 2229 Aen.
530 2164 592 2229 569
616 2157 741 2241 scripsit
762 2161 847 2223 Heia
870 2184 947 2245 ape,
964 2184 1074 2244 rumpe
1088 2183 1193 2223 moras
1204 2144 1218 2239 ,⁶
1230 2156 1318 2239 quod
1341 2176 1425 2240 repe·

325 2269 442 2332 tierunt
462 2261 581 2328 Statius
602 2258 715 2324 Achill·
733 2282 766 2337 11,
786 2264 846 2328 198
874 2267 907 2325 et
927 2259 1081 2324 Martialis
1103 2260 1136 2323 in
1157 2282 1191 2338 11,
1204 2265 1266 2329 64:
1286 2259 1345 2324 alii
1367 2278 1426 2322 ma·

326 2370 451 2432 luerunt
465 2361 571 2427 dicere
586 2363 638 2426 En
654 2386 731 2446 ape,
746 2361 855 2443 itaque
870 2363 940 2446 ipse
955 2362 1115 2443 Vergilius
1130 2361 1305 2443 georgicon
1319 2384 1367 2439 111,
1379 2365 1424 2427 42,

326 2468 384 2535 sed
411 2472 443 2531 et
464 2464 514 2528 hic
539 2464 573 2527 in
595 2463 685 2546 Oopa
699 2467 738 2530 31
763 2469 794 2527 et
817 2464 994 2528 Columella
1012 2487 1043 2555 r,
1056 2470 1096 2532 68
1119 2470 1150 2528 et
1171 2463 1293 2529 Statius
1318 2463 1425 2528 iterum
1464 2524 1465 2529 ,

327 2573 391 2636 Elia
406 2593 463 2655 ape
486 2566 554 2630 silv.
570 2589 591 2643 1,
604 2571 633 2641 2,
647 2571 708 2633 266
722 2616 729 2642 ,
745 2564 894 2646 idemque
910 2565 1035 2633 Statius,
1045 2570 1214 2648 praeterea
1233 2565 1339 2629 vocali
1353 2565 1426 2629 elisa
1464 2582 1466 2663 Ξ

327 2676 457 2755 quater,
473 2668 571 2733 Theb.
588 2690 618 2746 x,
631 2672 694 2735 210
705 2672 767 2735 597
784 2671 908 2741 x11‚406
923 2668 1001 2732 Aah,
1018 2692 1038 2746 1,
1051 2674 1134 2745 503,
1150 2667 1316 2733 Phaedrus
1331 2666 1425 2733 gemel
1464 2678 1466 2689 =

325 2775 359 2838 in
373 2796 404 2851 v,
418 2775 479 2850 7,3
502 2771 587 2834 Heia
608 2772 729 2855 rirqor't,
753 2769 850 2832 Silius
873 2769 971 2832 semel
994 2769 1054 2833 hoc
1074 2787 1190 2846 versu,
1210 2771 1281 2834 Hoc
1303 2770 1425 2835 Oeneae
1465 2826 1466 2833 ,

253 2909 256 2912 ·
326 2890 464 2941 stravere
487 2873 563 2936 tihi:
581 2874 630 2935 eia
652 2874 754 2935 rheate
776 2872 1065 2949 marrb‚x11‚5l4.
1465 2854 1466 2865 ¹

413 2980 485 3043 375.
509 2971 618 3048 Quen
641 2993 777 3042 oureus
799 2994 817 3034 n
841 2993 980 3034 cornus
994 3020 1001 3034 .
1017 2973 1065 3035 Ita
1079 2978 1211 3053 uterque
1234 2972 1358 3038 codex:
1374 2971 1425 3038 sed

325 3080 358 3144 in
389 3084 524 3157 utroque
553 3078 746 3138 correctores
773 3073 915 3138 lecerunt
942 3088 969 3138 et
997 3098 1133 3159 corpas,
1157 3073 1266 3156 itaque
1295 3075 1367 3139 ltali
1399 3080 1426 3138 et

326 3180 401 3244 olim
427 3175 574 3259 impressi
601 3180 632 3239 et
656 3175 841 3238 Marullus.
872 3180 957 3240 recte
994 3175 1128 3241 restituit
1164 3175 1424 3260 praepositionem

325 3277 518 3344 Lambinus.

411 3385 484 3448 378.
508 3377 712 3454 Qunurunn
736 3401 846 3441 rarus
862 3421 949 3431 --
965 3381 1142 3445 Coarorrs
1158 3422 1245 3432 --
1266 3401 1425 3443 exonam

325 3502 438 3546 rernr
461 3500 596 3556 sumn,
613 3480 764 3561 Apertum
788 3486 837 3543 est
857 3479 908 3543 hic
924 3501 1050 3562 quoque
1071 3481 1120 3546 bis
1136 3480 1338 3545 scribendum
1361 3501 1426 3547 esse

325 3605 455 3660 nerva,
472 3587 506 3645 ut
526 3600 622 3645 versu
637 3586 718 3648 372.
740 3600 845 3662 neque
869 3582 929 3646 hoc
952 3582 1129 3647 Bentleium
1151 3582 1260 3647 latuit.
1278 3603 1354 3648 mox
1369 3589 1426 3652 389

325 3692 458 3767 uterque
479 3683 560 3747 liber
582 3688 665 3747 reete
685 3686 781 3768 priva
800 3683 917 3768 pedam
939 3689 1090 3772 vestigio.
1106 3705 1233 3750 versum
1251 3685 1427 3768 proximum

326 3793 387 3858 381
411 3785 534 3852 Nonius
556 3784 654 3849 habet
675 3806 705 3868 p.
724 3790 773 3862 73,
788 3790 827 3852 7.
1165 3801 1167 3806 ’

412 3893 484 3956 383.
507 3909 627 3958 uncus
655 3909 767 3950 nnnur
794 3908 959 3951 rasurus
990 3909 1097 3951 rrnn.
1122 3888 1193 3953 Itali
1221 3894 1258 3952 ‘et
1284 3887 1427 3971 impressi

325 4012 480 4054 rrnvrs.
502 3991 534 4053 in
555 3988 707 4054 Mediceis
734 3988 866 4070 Vergihi
894 3990 1086 4054 membranis
1112 3989 1306 4070 aliquotiens
1331 3989 1428 4074 scrip

323 4097 390 4155 tum
403 4096 450 4155 est
461 4094 606 4172 tenacia,
622 4091 699 4155 item
713 4093 850 4154 Teaaae‘s
861 4109 972 4172 georg.
985 4113 1018 4168 11,
1032 4097 1105 4159 180.
1117 4091 1271 4156 Marullus
1282 4113 1426 4154 annunt

299 4178 301 4182 ’
324 4192 385 4256 hoo
407 4191 493 4273 quod
516 4196 615 4257 arant
627 4191 775 4274 scriptum
790 4192 947 4273 legimus,
963 4193 1024 4257 nisi
1039 4191 1121 4258 forte
1142 4198 1266 4258 veteres
1281 4197 1427 4259 arantem

326 4297 520 4367 storacium
535 4292 701 4372 dixerunt,
716 4291 834 4358 indicio
857 4280 907 4358 est
927 4294 1002 4358 olim
1017 4296 1146 4379 saepius
1166 4295 1201 4359 in
1214 4295 1276 4359 hoo
1291 4294 1427 4359 carmine

324 4393 489 4475 genetivos
510 4413 568 4476 per
590 4397 622 4459 ei
638 4394 772 4477 scriptos
793 4393 912 4473 fuisse,
929 4395 1016 4476 quod
1037 4396 1157 4461 librarii
1178 4415 1219 4461 nc
1240 4395 1296 4460 ubi
1317 4414 1428 4462 neces·

323 4495 442 4560 sarium
465 4495 593 4577 quidem
616 4496 656 4558 sit
677 4494 822 4560 tulerint.
843 4500 1051 4584 enpoenteie
1072 4497 1217 4579 vestigiis
1240 4496 1427 4578 agnovimus

321 4596 417 4679 paulo
441 4601 534 4673 ante,
551 4600 633 4663 222.
656 4602 794 4661 ceterum
816 4597 867 4662 hic
888 4605 982 4680 poeta
1003 4599 1159 4663 vocalium
1182 4597 1426 4664 contractionem

322 4715 362 4763 sa
381 4698 505 4763 ratione
535 4696 656 4762 evitare
677 4718 741 4762 non
764 4700 890 4782 potuit,
911 4719 975 4781 qua
996 4701 1134 4766 Serenus
1155 4698 1345 4764 Samonicus
1367 4704 1426 4769 966
