3509 5442
852 558 896 622 Vl
1360 561 1424 626 395

317 728 473 792 carmina‘
487 728 590 808 inquit
603 728 721 791 ‘mutila
742 732 816 791 sunt
838 732 870 791 et
891 734 1079 811 praecerpta
1101 748 1141 792 ea
1160 727 1283 791 incuria
1304 731 1338 789 ut
1359 745 1430 790 sen-

319 849 377 893 sus
398 830 506 893 nullus
524 828 605 895 elici.
617 829 738 912 possit:
757 835 895 894 ceterum
918 829 950 891 in
972 828 1108 893 lectione
1130 829 1236 911 prisca
1257 828 1303 892 sic
1324 845 1431 891 emen-

318 929 400 994 data
414 931 558 1014 reperio,
581 933 624 995 At
643 956 712 995 cum
732 933 870 995 membro
886 931 995 995 doctae
1003 932 1147 1016 percepit
1156 931 1310 1014 fervidae
1326 930 1429 1015 spuis,

323 1034 407 1096 Tum
417 1033 462 1117 fit
482 1033 559 1098 odor
581 1029 673 1096 ciri?
694 1031 868 1096 rectissime
889 1031 940 1096 hic
959 1030 1145 1097 emendator
1165 1031 1255 1115 (nam
1269 1029 1310 1094 de
1325 1029 1431 1113 prisca

319 1133 461 1199 lectione
483 1151 561 1197 cave
582 1131 641 1197 Pio
664 1129 794 1216 credas)
815 1135 953 1198 membro
974 1154 1122 1211 nonos,
1146 1130 1233 1214 quod
1257 1128 1431 1193 Brixiensis

322 1255 455 1317 quoque
476 1232 573 1300 editio
596 1232 714 1296 habere
736 1232 853 1316 fertur,
877 1240 910 1298 ct
931 1233 1059 1315 egregie
1081 1239 1187 1297 tuetur
1202 1229 1381 1296 Gronovius
1398 1230 1431 1292 in

319 1335 601 1402 observationibus
623 1341 705 1412 111‚5
727 1354 758 1416 p·
771 1339 858 1402 467.
886 1336 1049 1400 Gesnerus
1075 1335 1108 1398 in
1135 1334 1284 1400 thesauro
1313 1331 1353 1394 de
1381 1329 1432 1395 bis

321 1439 470 1502 membris
485 1436 585 1499 multa
598 1433 737 1513 rettulit,
751 1434 826 1498 item
842 1436 875 1499 in
892 1434 937 1500 rei
951 1435 1088 1501 rusticae
1103 1436 1289 1518 scriptorum
1308 1431 1431 1509 indice,

322 1538 383 1604 sed
410 1537 552 1620 neglexit
579 1535 759 1600 Lucretium
789 1542 820 1599 et
842 1537 1056 1601 Gronovium.
1080 1557 1175 1619 porro
1203 1536 1321 1620 optimc
1348 1533 1432 1598 idem

321 1645 419 1704 vetus
440 1637 625 1705 emendator
639 1639 717 1703 odor
732 1660 829 1720 vnn,
846 1637 900 1720 qui
915 1638 1083 1719 genetivus
1097 1644 1146 1703 est
1160 1638 1192 1700 in
1207 1637 1289 1702 libro
1304 1660 1338 1719 11,
1350 1640 1431 1701 476.

323 1759 521 1822 quamquam
547 1739 644 1803 miror
672 1759 742 1803 eum
772 1738 826 1820 qui
856 1739 916 1802 boc
942 1739 1073 1803 vidisset
1100 1740 1140 1804 ab
1170 1737 1255 1802 omni
1278 1735 1434 1802 sententia

323 1861 399 1906 cum
421 1842 534 1907 ceteris
554 1840 779 1921 Gronovioque
800 1839 870 1922 ipso
893 1841 1081 1918 aberrasse,
1104 1860 1175 1904 cum
1197 1844 1308 1922 posset
1327 1842 1434 1901 tamen

324 1958 360 2008 at
375 1943 554 2008 coniunctio
568 1943 619 2008 vel
636 1941 707 2005 sola
720 1939 838 2005 indicio
853 1961 925 2004 esse
946 1947 1071 2023 poetam
1095 1941 1146 2005 bic
1168 1939 1295 2013 nonde
1317 1938 1381 2002 alia
1398 1957 1433 2000 re

323 2044 434 2110 dicere
456 2065 551 2126 quam
574 2042 615 2108 de
636 2042 691 2106 illo
708 2041 779 2125 ipso
794 2044 963 2107 car-bocum
978 2043 1090 2124 odore,
1106 2043 1139 2105 in
1155 2061 1218 2122 quo
1237 2040 1348 2105 ‘versus
1369 2038 1432 2102 duo

324 2147 462 2229 proximi
486 2152 670 2211 versantur.
695 2164 792 2226 quare
815 2143 1024 2208 certissimum
1052 2151 1101 2208 est
1127 2141 1191 2224 legi
1219 2142 1337 2206 debere
1361 2166 1434 2226 per-

324 2252 409 2334 cepit
430 2269 633 2311 nnnvrmoe
649 2250 716 2312 oie.
733 2251 872 2310 ceterum
888 2247 1084 2317 mactabilcm
1100 2242 1230 2307 odorem
1245 2249 1285 2314 ,et
1306 2243 1434 2326 plagam

325 2349 407 2413 nihil
428 2349 515 2414 alind
539 2369 613 2414 esse
636 2369 732 2431 quarn
755 2348 876 2411 letalem
905 2346 982 2410 satis
1007 2353 1152 2431 apertum
1174 2351 1242 2409 est.
1266 2344 1311 2407 ita
1332 2342 1436 2407 Attius

324 2451 360 2515 in
382 2450 497 2516 Medea
519 2453 687 2515 liberorum
710 2450 767 2513 leto
789 2449 992 2533 tobficobr'lr‘.

415 2559 487 2622 806.
517 2574 656 2616 sunnon
685 2573 720 2612 nv
749 2571 851 2611 1rso.
876 2547 1043 2612 Correotor
1070 2548 1216 2630 quadrati
1244 2555 1276 2614 et
1301 2547 1374 2613 Itali
1402 2551 1436 2611 ic

324 2675 431 2717 mss.
1170 2655 1172 2659 ’

416 2761 488 2824 808.
512 2776 681 2818 racanro
705 2774 820 2816 vanus
843 2774 1034 2823 runicus.
1057 2752 1128 2816 Itali
1151 2773 1331 2815 sncnurr.

416 2861 488 2925 810.
519 2853 659 2931 Quanrs
691 2877 850 2918 nxrrnnu
883 2875 1168 2917 scarrnusons.
1199 2854 1247 2916 Ita
1278 2857 1310 2915 et
1338 2869 1435 2914 mem-

326 2961 448 3024 branae
470 2963 502 3022 et
515 2958 630 3020 Festus
645 2977 676 3039 p.
689 2960 762 3038 330,
784 2961 820 3024 la
843 2962 939 3037 atque
962 2975 1001 3018 ex
1023 2975 1062 3019 eo
1085 2956 1203 3019 Paulus
1226 2975 1256 3036 p.
1272 2959 1350 3031 147,
1373 2952 1435 3017 nisi

327 3059 418 3143 quod
438 3059 525 3142 apud
546 3057 607 3122 hos
622 3059 738 3136 Quales
760 3056 912 3140 scriptum
934 3061 1002 3121 est.
1019 3055 1115 3119 iidem
1137 3055 1381 3139 Scaptensulam
1402 3054 1436 3116 in

327 3160 519 3228 Macedonia
538 3178 610 3225 esse
631 3159 759 3224 tradunt
780 3165 812 3224 ct
833 3178 854 3222 a
874 3157 1026 3222 fodiendo
1050 3157 1186 3236 dictam,
1202 3178 1274 3222 curn
1289 3156 1321 3220 in
1336 3155 1436 3220 Thra-

329 3264 382 3329 cia
395 3258 602 3326 Macedoniae
625 3268 715 3343 parte
738 3260 778 3324 sit
799 3265 831 3323 et
851 3279 872 3322 a
890 3260 958 3324 solo
981 3259 1117 3325 silvestri
1139 3256 1226 3323 fosso
1248 3276 1364 3322 nomen
1379 3256 1436 3321 du-

329 3363 431 3430 xerit.
454 3381 528 3425 nam
549 3364 688 3427 Fabrum
712 3379 821 3426 errare
843 3367 940 3443 puto,
962 3383 1032 3426 cum
1054 3381 1170 3425 nomen
1192 3361 1342 3442 gencrale
1365 3378 1437 3423 esse

328 3467 426 3544 dicit,
443 3484 505 3547 quo
521 3465 652 3529 materia
673 3462 793 3528 fossilis
815 3463 1010 3544 significetur
1021 3462 1079 3549 aid
1094 3470 1142 3528 est
1156 3463 1318 3528 metallum
1331 3509 1339 3524 .
1354 3462 1437 3525 bunc

329 3577 437 3634 tamen
456 3565 629 3632 Creechius
651 3572 682 3630 et
696 3564 915 3629 Wakefieldus
936 3586 1008 3629 cum
1030 3564 1167 3630 servitiis
1189 3569 1359 3641 secuntur,
1383 3563 1436 3644 qui

329 3688 447 3736 nomen
461 3668 687 3753 appellativum
702 3666 840 3744 faciunt,
856 3666 1011 3729 Daoerius
1033 3665 1170 3729 cundem
1192 3684 1251 3730 suo
1272 3684 1361 3728 more
1383 3684 1437 3727 ex-

329 3773 410 3857 pilat
431 3773 472 3834 ad
495 3772 644 3834 Festum.
667 3767 791 3832 Mlilleri
814 3767 912 3831 verba
933 3765 1073 3851 subieci,
1097 3785 1181 3848 quae
1203 3766 1275 3830 aliis
1300 3766 1437 3829 fortasse

330 3873 467 3941 clariora
493 3871 558 3937 sint
585 3891 680 3952 quam
702 3869 802 3933 mihi.
826 3870 906 3934 ‘Hoc
929 3868 1101 3951 oppidum,
1124 3865 1321 3950 Thucydidis
1341 3866 1436 3931 exilio

331 3974 549 4056 nobilitatum,
564 3972 698 4056 primum
713 3971 850 4060 Σκαπτὴ
866 3969 943 4057 ὕλη,
960 3968 1076 4034 deinde
1091 3968 1232 4051 genitivo
1247 3967 1280 4032 in
1295 3968 1438 4033 nomina-

329 4078 430 4142 tivum
452 4074 576 4139 deflexo
599 4068 818 4160 Σκαπτησύλη
840 4073 1023 4153 dicebatur,
1039 4069 1249 4154 Scaptensula
1270 4078 1375 4135 autem
1398 4091 1437 4134 ex

330 4179 433 4244 tribus
455 4176 581 4240 casibus
608 4174 725 4239 factum
752 4175 894 4258 pessima
920 4170 1149 4237 consuetudine
1175 4172 1341 4238 invaluit.'
1363 4173 1438 4236 mibi

331 4285 454 4347 certum
480 4276 604 4343 videtur
627 4276 854 4361 Scaptesylitas
882 4277 914 4340 in
941 4274 1067 4339 nomine
1093 4295 1151 4340 suo
1178 4275 1282 4357 sigma
1302 4275 1437 4340 litteram
1543 4351 1545 4358 Α

329 4385 367 4447 in
389 4384 488 4448 siloae
509 4378 666 4445 vocabulo
685 4397 725 4443 ex
740 4379 851 4443 ultima
866 4377 1052 4461 antiquitate
1068 4377 1236 4442 deductam
1253 4377 1438 4450 retinuisse,

331 4487 366 4551 in
389 4502 452 4566 quo
473 4482 608 4546 aliarum
630 4480 795 4562 regionum
817 4481 988 4565 scriptores
1010 4501 1031 4544 a
1052 4500 1111 4544 sua
1133 4477 1363 4545 consuetudine
1384 4476 1438 4540 de-

331 4588 463 4652 flectere
489 4603 553 4648 non
575 4584 734 4666 potuerint
756 4585 963 4669 (quamquam
985 4583 1017 4646 in
1038 4581 1243 4665 inscriptione
1264 4578 1369 4643 Attica
1391 4583 1439 4641 cst

333 4714 370 4756 εκ
386 4685 629 4767 σκαπτεσυλες,
647 4686 680 4751 in
698 4704 836 4770 corpore
857 4685 1097 4769 inscriptionum
1112 4683 1306 4749 Graecarum
1320 4700 1352 4744 n.
1367 4683 1438 4763 146,
