3509 5442
393 557 457 624 246
924 548 968 614 IV

396 725 498 789 Fusci
505 773 514 806 ,
530 726 640 786 contra
653 718 768 785 Lucilii
782 717 927 802 regulam
943 723 1050 783 autem
1065 716 1164 782 dativi
1177 715 1263 798 duo,
1278 717 1436 783 Hercahi
1443 721 1494 798 55,

400 827 461 902 13,
480 826 545 888 mci
559 828 608 902 ii,
626 829 646 891 3
670 822 728 906 (ita
748 826 812 887 mei
831 824 945 887 misero
970 820 1004 883 in
1024 818 1120 885 Novii
1140 839 1235 885 versu
1256 808 1344 902 apud
1365 816 1495 882 Nonium
1553 865 1554 868 ,

398 929 515 1010 p336,
531 928 590 1003 13,
610 927 732 1010 meique
758 923 793 987 in
815 922 977 988 Ciceronis
1003 921 1045 985 ad
1067 920 1204 985 Atticum
1227 919 1436 1004 epistularum
1449 942 1496 996 xu,

403 1028 451 1108 13,
464 1027 485 1090 2
497 1074 505 1103 ,
520 1028 584 1091 mci
595 1041 704 1092 auctor
719 1051 751 1090 aa
765 1047 834 1107 xm,
847 1029 899 1107 40,
913 1028 954 1102 2;
970 1042 1163 1106 quamquam
1175 1020 1265 1086 haud
1287 1020 1354 1086 scio
1377 1039 1423 1084 an
1434 1040 1497 1102 pro

400 1125 530 1190 nomina
551 1125 734 1210 personalia
755 1125 898 1190 Lucilius
920 1124 1099 1208 exceperit:
1121 1129 1205 1189 certe
1227 1125 1310 1188 aboi
1327 1122 1402 1187 ins.
1420 1141 1445 1186 c.
1465 1120 1497 1186 de
1553 1139 1554 1142 ’

401 1226 655 1293 Bacchanalibus
676 1227 812 1308 legitur,
828 1246 890 1291 nee
904 1226 1053 1308 Nigidius
1068 1225 1247 1309 discrepat,
1263 1225 1320 1308 551
1341 1223 1498 1307 scripsisse

400 1326 525 1393 videtur
545 1342 608 1396 met·
628 1328 776 1411 genetivo
794 1380 802 1407 ,
819 1331 897 1393 miei
916 1328 1063 1412 dativo),
1079 1326 1219 1411 genetivi
1240 1324 1327 1411 apud
1350 1325 1499 1390 05151155

403 1431 586 1514 complura,
602 1436 654 1510 28,
666 1436 686 1499 5
705 1433 854 1496 Romulei
866 1431 1038 1514 itemtque,
1057 1434 1109 1508 61,
1121 1433 1184 1498 206
1198 1429 1347 1514 paloaria
1362 1426 1499 1512 Africa,

404 1537 454 1609 63,
471 1536 509 1600 91
528 1534 656 1598 domina
669 1532 845 1618 Dindymei
852 1581 861 1614 ‚
877 1535 929 1607 64,
942 1535 1004 1599 278
1028 1557 1044 1596 e
1063 1533 1177 1596 vertice
1191 1530 1301 1610 Pelei,
1317 1533 1371 1610 65,
1387 1529 1502 1613 1451515

401 1657 529 1718 pemeus
551 1634 648 1721 Itplei
657 1683 664 1698 .
681 1653 873 1714 quamquam
895 1632 976 1696 haec
997 1650 1037 1696 ex
1058 1652 1122 1696 uno
1144 1628 1365 1713 antiquissimo
1382 1627 1503 1712 codice,

406 1733 561 1816 quiante
588 1734 683 1799 finem
712 1734 832 1800 saeculi
858 1734 962 1818 quarti
992 1732 1106 1797 decimi
1133 1734 1167 1799 in
1192 1733 1274 1798 51155
1302 1731 1506 1815 transcriptis

405 1855 471 1899 555
502 1834 615 1921 fuerit,
648 1836 790 1902 derivata
823 1855 894 1902 esse
927 1834 1030 1900 doctis
1070 1855 1167 1918 aegre
1200 1833 1403 1919 persuadeo:
1430 1837 1506 1898 certe

406 1934 458 2000 vel
480 1936 514 2001 Ο.
530 1937 566 2000 F.
582 1940 785 2004 Hermannus
807 1927 908 2020 nuper
929 1956 1057 2001 versum
1072 1935 1230 2019 quendam
1254 1935 1373 2002 Catulli
1388 1940 1441 2019 64,
1456 1939 1508 2003 109

408 2035 453 2101 115
474 2041 619 2104 tractavit
641 2047 674 2105 ut
696 2039 866 2106 editionem
889 2058 992 2103 meam
1015 2059 1187 2122 numquam
1209 2038 1328 2104 vidisse
1349 2036 1509 2103 videatur.

408 2136 441 2201 in
466 2139 603 2205 Lucretii
629 2163 725 2208 versu
750 2141 905 2206 Marullus
935 2139 1061 2223 scripsit
1085 2144 1203 2227 species
1233 2165 1315 2228 qaae
1340 2141 1512 2204 transvolat

408 2243 528 2324 555515,
544 2262 649 2325 55555
665 2243 834 2327 55155555
854 2247 928 2325 post
950 2261 1022 2306 eum
1044 2267 1128 2328 qao,
1145 2239 1231 2324 quod
1252 2239 1327 2305 libri
1344 2237 1511 2317 exhibent,

410 2341 563 2406 restituit.
585 2344 661 2408 mihi
688 2343 766 2408 nihil
792 2344 921 2410 obstare
942 2343 1068 2409 videtur
1098 2363 1162 2425 quo
1184 2341 1288 2407 minus
1315 2343 1511 2407 111555555-

411 2443 480 2507 lare
494 2442 617 2508 dicatur
632 2447 772 2529 species.
789 2447 833 2510 ita
854 2447 887 2510 in
904 2469 946 2525 m,
959 2450 1021 2514 349
1034 2446 1256 2532 foraminibus
1271 2444 1419 2530 liquidas
1441 2447 1513 2531 quio

411 2547 584 2611 transvolat
604 2550 690 2636 ipati
706 2599 713 2626 ,
730 2547 786 2614 ubi
808 2549 891 2613 male
913 2547 986 2612 libri
1009 2550 1186 2612 transviat.

497 2651 569 2715 603.
592 2671 723 2714 essars
745 2673 782 2713 ru
798 2674 961 2716 cuncus.
979 2649 1145 2715 Corrector
1161 2644 1328 2730 quadrati,
1343 2647 1512 2731 Antonius,

412 2743 589 2814 Brixiensis
602 2801 609 2830 ‚
627 2774 809 2817 5555555.

387 2906 397 2913 .
498 2853 570 2918 604.
595 2875 960 2935 c1cunuuua‚ua1ua
986 2855 1181 2919 Drssrnum
1209 2873 1349 2916 55555.
1373 2851 1515 2930 Quadra

412 2952 464 3012 155
478 2949 658 3020 Dissalait.
675 2954 768 3022 huius
784 2964 944 3023 corrector
959 2960 1119 3032 511555,
1136 2952 1222 3037 quod
1243 2951 1330 3017 idem
1351 2960 1427 3036 post
1448 2974 1516 3019 eum

412 3049 568 3150 Lambino
590 3057 726 3139 placuit.
743 3059 847 3123 minus
862 3059 944 3124 bene
959 3057 1113 3123 Marullus
1128 3058 1186 3121 abi
1197 3053 1369 3120 1511511511
1392 3060 1425 3120 et
1445 3055 1516 3120 olim

412 3151 560 3236 impressi
586 3160 644 3225 561
662 3186 755 3225 acm.
776 3179 816 3224 ne
843 3157 906 3225 hoc
931 3159 1060 3242 quidem
1088 3153 1286 3223 Wakefieldo
1316 3155 1414 3222 ninus
1435 3157 1522 3224 insa*
1553 3183 1554 3186 ¹

414 3274 490 3318 num
517 3257 621 3321 visum
644 3265 717 3339 est,
742 3260 886 3342 quamvis
917 3262 1181 3326 constructionem
1207 3263 1394 3344 pervertat,
1417 3278 1517 3343 neque

414 3360 487 3421 ante
510 3358 666 3423 Catullum
681 3362 858 3444 Vergilium
873 3364 1039 3428 Horatium
1061 3388 1135 3428 cam
1157 3359 1417 3427 coniunctionem
1439 3362 1517 3446 quis

415 3476 510 3538 quam
533 3459 610 3525 alibi
633 3483 728 3544 quam
749 3463 874 3549 inipso
898 3464 1073 3532 5551551155
1094 3463 1183 3528 151115
1204 3463 1367 3547 posuerit.
1384 3484 1460 3529 nam
1481 3463 1518 3528 de

415 3558 520 3624 Plauti
544 3581 639 3627 versu
665 3565 719 3648 551
745 3571 795 3632 551
821 3567 854 3630 15
881 3563 1262 3651 1111111515,9,2Η55(115
1288 3565 1323 3630 in
1349 3565 1518 3632 Tursellini

416 3665 549 3727 tomo1v
565 3671 629 3749 p.3
653 3667 798 3733 codicum
820 3671 994 3754 scripturae
1016 3667 1201 3735 adhaerenti
1224 3666 1354 3733 credere
1377 3688 1438 3752 per
1458 3688 1519 3734 me-

416 3768 497 3828 trum
520 3787 585 3832 non
605 3768 698 3835 licet:
715 3777 818 3855 potest
833 3771 930 3838 scribi
944 3775 1014 3860 Epo
1036 3775 1101 3838 iam
1123 3773 1187 3836 iam
1202 3773 1384 3836 conveniam
1403 3772 1519 3855 111555,

416 3870 474 3933 abi
492 3871 550 3934 abi
568 3886 612 3936 est
631 3874 848 3958 5551155115
869 3874 1018 3939 Dirarum
1040 3880 1146 3938 autem
1159 3871 1345 3957 scriptore,
1362 3872 1454 3938 cuius
1477 3878 1521 3939 est

419 3972 479 4037 115
500 3972 603 4038 Dulcc'
613 4000 747 4061 comque
763 3990 877 4060 tumet,
893 3976 1046 4042 Merkelio
1070 3981 1101 4040 51
1115 3973 1254 4058 Hauptio
1271 3974 1454 4055 assentior,
1471 3975 1522 4058 qui

418 4089 489 4134 eum
508 4073 649 4156 Vergilio
671 4098 780 4162 parem
802 4084 905 4144 551515
927 4078 1066 4164 iaciunt,
1082 4079 1164 4143 alter
1185 4077 1228 4142 ad
1248 4077 1320 4141 Ibin
1334 4099 1365 4162 p.
1378 4083 1464 4163 364,
1480 4077 1522 4142 al-

374 4242 377 4247 ,
417 4176 464 4235 ter
485 4172 520 4236 in
542 4175 815 4245 observationibus
839 4178 956 4244 criticis
971 4203 1002 4266 p.
1014 4188 1076 4251 41.
1100 4186 1267 4266 praeterea
1289 4179 1523 4246 observandum

418 4274 613 4343 5511115115
635 4278 696 4344 hoc
717 4281 884 4364 probatum
906 4303 971 4347 non
992 4283 1161 4365 151555,15
1183 4284 1280 4350 cuius·
1294 4282 1378 4348 libro
1393 4289 1472 4370 n‚4‚
1488 4286 1522 4350 12

417 4375 451 4440 15
467 4379 624 4462 excerptis
638 4382 872 4449 Parisiensibus
895 4391 943 4450 est
957 4386 1072 4452 Omnia
1093 4413 1196 4472 5555,
1211 4407 1277 4452 555
1292 4387 1411 4456 Omnia
1432 4415 1522 4456 555.

417 4479 604 4564 Lygdamus
629 4505 704 4550 vero
733 4485 768 4551 in
793 4486 854 4551 hoc
882 4493 917 4551 ut
943 4486 976 4552 in
1004 4489 1076 4556 aliis
1102 4512 1123 4556 a
1144 4490 1272 4557 Tibullo
1300 4489 1429 4558 differt:
1448 4491 1522 4558 dixit

420 4581 604 4669 551154,43
627 4603 711 4656 costo
733 4615 806 4658 aaut
828 4593 889 4657 rite
907 4604 1037 4681 po‘c'tcc·
