3509 5442
271 711 372 752 runs.
388 687 524 753 Fallitur
544 687 714 764 Handius,
736 706 805 751 cunr
832 687 894 750 hoc
919 707 983 751 uno
1009 706 1104 751 versu
1131 689 1207 752 satis
1233 689 1362 771 probari

267 790 331 854 dicit
352 790 482 855 licuisse
505 789 608 872 poetis
630 803 722 874 atque
744 788 997 854 coniunctionem
1019 789 1172 866 traicere,
1187 790 1220 853 in
1234 791 1362 854 Torsel-

263 892 309 956 lini
332 899 420 956 torno
436 914 448 954 1
462 912 493 975 p.
505 894 589 959 512.
611 910 684 954 narn
706 908 809 971 neque
832 890 1010 954 coniunctio
1036 891 1107 973 ipsa
1128 911 1232 972 neque
1256 896 1361 957 animo

203 996 205 1002 '
260 995 427 1076 quiequam
451 992 570 1058 confert
592 992 635 1056 ad
657 990 863 1068 sententiam,
881 1011 963 1072 quae
985 992 1073 1056 nulla
1099 999 1146 1056 est
1167 993 1229 1057 nisi
1251 992 1362 1058 scribi-

258 1116 323 1160 mus
338 1096 506 1170 Scinditur
528 1116 647 1165 usourr
669 1115 766 1157 anno
789 1094 864 1158 baec
880 1097 1030 1179 quoniam
1051 1108 1187 1159 actare.
1204 1095 1246 1160 do
1268 1109 1361 1181 atque

255 1197 387 1262 traiecto
416 1197 571 1263 curiosius
598 1217 693 1279 quarn
714 1193 860 1259 Handius
885 1195 951 1276 egit
976 1197 1134 1279 Hauptius
1155 1197 1189 1261 in
1213 1197 1361 1261 observa·

254 1299 396 1364 tionibus
410 1320 441 1383 p.
453 1305 495 1368 45
506 1305 549 1368 46
560 1304 601 1366 47
613 1305 655 1368 48
668 1303 708 1367 52
722 1347 730 1361 .

339 1407 415 1470 535.
439 1423 577 1464 seusun
604 1423 791 1464 ornucrnn
824 1423 1015 1465 unuanrs.
1044 1401 1141 1465 Recte
1169 1402 1361 1467 Veronensis

253 1503 352 1567 editio
376 1507 409 1568 et
428 1503 584 1568 Marullus
605 1525 822 1568 nannenus.

341 1591 417 1676 538.
439 1627 476 1668 ur
489 1628 609 1669 uranu
625 1629 669 1670 ur
684 1629 857 1671 nrxruus.
870 1608 907 1670 ln
921 1606 1085 1689 impressis
1100 1605 1242 1670 additum
1258 1630 1359 1674 aare.

252 1708 297 1770 ita
318 1707 386 1771 iam
408 1707 565 1773 Antonius
586 1707 680 1772 Marii
700 1708 802 1774 filius.

339 1814 414 1878 544.
436 1831 577 1873 ennean
593 1832 769 1893 orsrnnsa
791 1834 861 1874 rna
875 1833 1015 1875 nunus,
1032 1812 1199 1876 Correetor
1214 1811 1360 1892 quadrati

253 1918 284 1979 et
306 1910 379 1976 Itali
402 1933 602 1977 orsrnasn.

340 2020 415 2084 545.
439 2036 694 2078 oaaurnscar.
717 2015 811 2099 Apud
838 2017 978 2081 Nonium
998 2037 1029 2100 p.
1043 2020 1147 2095 VV,32
1170 2018 1359 2081 obruissent.

253 2117 390 2182 alterurn
412 2138 431 2178 s
453 2116 573 2199 primus
594 2112 717 2180 addidit
737 2117 911 2181 Marullus.
928 2117 1002 2181 hinc
1016 2117 1201 2182 Lactantius
1222 2117 1293 2182 inst.
1306 2141 1361 2196 vn,

253 2222 296 2286 24
317 2220 393 2283 Non
415 2221 497 2282 enim
518 2218 625 2283 anima
640 2243 767 2304 corpore
787 2219 944 2303 deficiente
967 2220 1024 2284 sed
1042 2244 1156 2305 eorpus
1178 2224 1286 2285 ocima
1309 2221 1361 2286 de·
1404 2244 1406 2249 ·
1493 2292 1497 2300 ,

254 2321 379 2386 cedente
400 2319 571 2385 brutescit.

342 2427 414 2491 548.
438 2443 609 2493 nocooun
631 2423 725 2486 Fixa
747 2444 866 2485 nourr
880 2472 887 2487 .
903 2424 1001 2506 Turpi
1023 2423 1227 2505 neglegentia
1250 2446 1361 2491 omnes

255 2527 402 2611 locoque,
424 2543 496 2588 eum
518 2529 661 2606 apertum
685 2523 725 2588 sit
741 2524 797 2599 ,ita
819 2523 1019 2588 scribendum
1042 2543 1133 2603 esse,
1149 2528 1192 2589 Et
1213 2531 1361 2612 quoniam

253 2651 342 2692 meree
363 2631 413 2690 est
439 2627 573 2691 domabis
590 2651 673 2711 pera
694 2652 784 2708 aaa,
807 2628 871 2690 loeo
898 2647 994 2696 ouen
1018 2627 1101 2689 Fc'aa
1128 2642 1231 2692 maaet
1259 2643 1360 2707 certe,

253 2729 340 2793 vetat
361 2752 456 2792 auree
478 2742 571 2813 atque
592 2731 679 2794 oculi
690 2734 783 2793 sunt.
799 2728 964 2805 in1v‚231
981 2725 1184 2791 membranae
1200 2730 1337 2815 ecdemq.
1351 2755 1362 2813 ,·

254 2828 342 2912 quod
364 2828 520 2894 Aventius
541 2830 695 2895 correxit.

341 2935 416 3000 551.
437 2952 558 2995 uanus
580 2954 701 3003 arona
717 2953 857 2997 ocunus
877 2951 1044 2992 annusve
1061 2953 1245 2995 snorsnu.
1261 2933 1360 2997 Immo

253 3054 325 3096 nur
359 3033 490 3097 oculus.
512 3032 557 3097 sio
588 3033 671 3099 infra
695 3040 757 3104 616
794 3037 829 3099 ia
867 3034 969 3118 eapite
1005 3038 1061 3097 aut
1092 3034 1227 3120 pedibus
1259 3039 1361 3101 meai-

254 3137 372 3200 brieve.

336 3239 411 3304 553.
434 3235 507 3299 sm>
523 3257 644 3299 runnu
666 3261 701 3301 ns
716 3260 836 3302 rnavo
852 3259 1062 3303 uruounrun
1078 3259 1246 3301 rauronu
1263 3262 1359 3304 ram.
1404 3285 1408 3295 2

254 3340 289 3402 ln
312 3337 363 3402 his
387 3335 441 3418 qui
463 3338 642 3404 sacramen
665 3340 747 3405 ferre
769 3343 882 3406 nolunt
896 3339 1033 3424 imperiti
1056 3346 1147 3404 sunt:
1163 3362 1236 3405 nam
1259 3357 1361 3408 terrers

253 3444 288 3505 ic
304 3463 412 3526 parco
428 3452 561 3525 tempore
584 3446 632 3505 est
654 3441 720 3507 fere
742 3447 775 3508 ic
799 3457 933 3529 tempore
956 3446 1098 3528 quamvis
1118 3469 1239 3527 parere.
1256 3445 1361 3509 sedin

255 3542 317 3606 fine
332 3543 464 3607 isaacus
479 3541 614 3607 Vossius
628 3543 803 3609 rectissime
826 3548 894 3609 tati
901 3595 909 3626 ‚
926 3544 1011 3626 quod
1028 3545 1183 3608 sententia
1205 3545 1266 3609 sibi
1287 3565 1361 3627 pos·

255 3643 355 3709 tulat.
371 3641 417 3706 ita
432 3661 506 3706 mox
520 3647 581 3711 581
606 3647 684 3728 quia
705 3648 740 3710 in
755 3659 851 3710 taetro
864 3647 1000 3710 tabescat
1014 3645 1126 3725 odore,
1143 3649 1175 3708 et
1190 3664 1287 3726 supra
1298 3650 1361 3713 343

255 3746 320 3813 sed
336 3748 465 3832 penites
479 3758 616 3830 pereant
630 3747 774 3810 convulsi
792 3771 910 3832 eoaque
920 3759 1106 3832 putrescent
1116 3793 1122 3808 .
1139 3744 1179 3808 de
1200 3745 1299 3810 verbo
1315 3752 1361 3810 ta·

254 3867 328 3912 men
354 3864 475 3928 anceps
501 3844 654 3910 iudicium
677 3851 750 3910 est.
773 3847 906 3912 Vossius
934 3845 1034 3911 voluit
1059 3848 1246 3932 liquuntur,
1267 3867 1361 3929 quern

254 3945 428 4012 admodum
444 3945 577 4012 Ovidius
591 3946 671 4010 dixit
688 3947 729 4012 de
744 3948 886 4029 Aglauro
901 3949 1009 4013 invida
1026 3950 1169 4035 lectaque
1183 3953 1363 4016 mrberrima

255 4053 323 4117 tabe
342 4051 515 4135 Liqcitur,
535 4048 686 4131 idemque
709 4050 751 4114 de
772 4051 910 4116 Hercule
932 4075 1086 4136 caecaque
1108 4052 1255 4116 medellis
1279 4054 1362 4117 Tabe

256 4151 457 4238 liquefactis.
472 4148 518 4214 ita
531 4169 607 4214 vero
622 4149 656 4213 id
671 4151 757 4232 quod
771 4151 843 4214 libri
860 4150 967 4234 scripti
982 4151 1130 4216 exhibent
1144 4153 1238 4218 valde
1259 4154 1362 4217 inmu-

254 4252 387 4317 tandum
402 4257 470 4316 est:
486 4249 583 4316 debet
597 4251 680 4316 enim
696 4251 790 4316 scribi
805 4255 840 4317 c'a
850 4277 953 4338 porco
969 4253 1107 4318 licentur
1122 4254 1189 4318 sive
1201 4256 1362 4341 liqueretur

254 4355 494 4441 temporetam,
512 4372 582 4417 eum
598 4353 726 4418 codices
737 4353 877 4418 habeant
892 4355 1055 4440 linguntur
1071 4360 1102 4419 et
1115 4357 1177 4420 tab·
1185 4406 1192 4419 .
1208 4376 1281 4419 narn
1297 4358 1365 4420 tobi

253 4455 394 4520 ablativo
424 4473 501 4519 casu
529 4474 622 4519 nemo
645 4454 745 4535 dixit,
770 4473 873 4536 neque
896 4453 931 4518 id
952 4474 1086 4537 usquam
1108 4457 1224 4537 legitur
1245 4456 1306 4520 nisi
1326 4456 1360 4519 in

252 4556 399 4622 futilibus
428 4556 618 4637 quibusdam
639 4557 777 4623 Lucretii
805 4556 998 4622 editionibus
1024 4558 1104 4622 libro
1119 4580 1139 4636 1,
1153 4565 1238 4626 806.
1262 4574 1361 4637 quare

787 415 832 481 III
1298 419 1361 486 173

203 601 206 643 ῑ
341 590 415 655 531.
438 585 645 651 Scruorrurr
674 605 796 656 arcun
825 604 941 648 curuo
973 607 1068 648 nanc
1097 601 1266 656 ououmu
1299 609 1361 650 ur-
