3509 5442
315 533 379 598 350
846 524 891 590 Vl

314 698 454 782 Egregie
468 697 540 762 Itali
563 719 650 775 vrrs,
674 717 714 762 ex
736 716 770 760 re
793 702 824 760 et
846 715 887 760 ex
904 693 987 758 libro
1009 699 1151 774 mido,
1167 696 1223 759 ubi
1240 701 1292 761 cst
1313 720 1421 781 corpu

315 802 400 888 quod
419 827 474 864 cas
495 803 591 886 quasi
610 793 745 864 corastitit
767 801 834 862 eius
845 849 853 880 ,
869 797 943 861 item
964 801 1027 865 555
1050 797 1139 861 illius
1159 800 1260 883 quasi
1272 797 1358 883 quod
1371 822 1422 862 οοι

315 930 380 971 ease
402 903 545 969 uidetur.
561 907 593 967 ot
615 899 775 965 simillima
794 904 867 963 sunt
886 898 966 963 haec
987 897 1154 975 inmoto
1170 901 1214 964 Et
1233 925 1297 965 οοπ
1322 902 1423 964 omnic

313 1021 474 1093 pertusum
490 1017 636 1091 conpectu
650 1003 747 1088 quasi
768 1003 799 1093 ιἰι
815 1025 873 1065 eac
890 1002 1057 1066 Commoda
1069 1001 1249 1086 popiuscre
1271 1017 1367 1089 atque
1381 1004 1423 1066 in-

313 1122 409 1197 prata
432 1108 597 1171 interiere.
614 1109 698 1168 recto
721 1108 825 1166 autem
847 1101 1066 1167 Wakefieldus
1088 1101 1227 1167 restituit
1247 1103 1406 1191 Intelleqit
1415 1129 1425 1186 ‚·

316 1229 380 1293 qua
402 1208 504 1272 forma
524 1205 703 1270 Lucretium
726 1225 819 1268 usum
842 1224 913 1270 esse
929 1224 966 1269 eo
983 1203 1134 1269 credibile
1155 1201 1191 1266 fit
1205 1202 1295 1285 quod
1316 1204 1425 1270 eodem

315 1330 414 1396 prope
436 1315 578 1391 tempore
602 1308 636 1372 G.
660 1306 800 1371 Licinius
822 1308 931 1372 Macer
952 1307 985 1370 in
1000 1328 1055 1369 xvr
1077 1304 1240 1370 annalium
1264 1304 1349 1370 dixit
1367 1332 1426 1372 om-

317 1417 405 1478 nium
424 1425 563 1476 poletrum
584 1411 753 1494 rrepleperit
775 1413 1008 1474 auctoritatem.
1025 1407 1085 1471 hoc
1101 1406 1155 1489 qui
1170 1405 1337 1488 referunt,
1353 1409 1426 1473 Dio-

316 1513 427 1579 medes
448 1533 479 1595 p.
492 1517 554 1579 366
577 1517 608 1574 ct
635 1509 815 1575 Priscianus
837 1531 867 1594 p.
882 1515 944 1579 835
970 1508 1138 1576 Aemilium
1153 1510 1298 1574 Macrum
1320 1512 1426 1595 appel·

317 1617 404 1695 lant;
421 1614 506 1698 quod
529 1612 643 1677 falsum
667 1632 738 1677 csse
760 1612 960 1677 Weicbertus
988 1611 1096 1677 docuit
1117 1612 1158 1677 de
1180 1612 1305 1678 Licinio
1330 1613 1425 1679 Calvo

317 1742 347 1804 p.
365 1723 425 1786 92.
443 1719 614 1804 rteplepiose
644 1720 675 1779 et
704 1717 884 1803 ueplepistis
911 1714 1063 1779 Sallustio
1091 1713 1263 1796 Tullioque
1291 1713 1427 1780 vindicat

319 1820 444 1887 Curtius
466 1818 509 1882 ad
531 1816 713 1898 Iugurtham
725 1823 777 1896 40,
793 1822 808 1883 1
823 1866 829 1879 .
847 1816 986 1881 Orellius
1015 1837 1055 1880 ex
1077 1815 1229 1881 Sallustio
1254 1817 1361 1882 adfert
1382 1820 1426 1883 ιὀ-

319 1924 512 2008 tetleperr'nt,
528 1919 669 1984 oratione
692 1919 805 2003 Lepidi
828 1918 994 2004 83123),
1009 1938 1114 2000 neque
1129 1919 1221 1985 aliter
1237 1919 1426 2004 capiendum

320 2026 470 2110 inteltepit
484 2022 516 2086 in
532 2022 599 2105 lug.
612 2028 642 2099 o,
655 2026 695 2098 2;
712 2041 905 2104 quamquam
927 2023 1072 2087 cistellesi
1091 2026 1123 2085 et
1143 2021 1262 2086 similia
1274 2022 1372 2088 scribi
1385 2022 1427 2087 vi·

319 2128 379 2194 deo
392 2127 424 2191 in
437 2126 505 2190 Cat.
519 2127 596 2200 20‚3
610 2174 617 2199 ‚
630 2123 662 2186 in
673 2124 741 2204 lug.
755 2129 832 2206 333
846 2174 853 2199 ,
865 2123 898 2186 in
911 2123 1051 2191 oratione
1062 2123 1162 2188 llacri
1173 2124 1253 2208 5(tl)
1266 2172 1274 2208 ,
1288 2126 1426 2212 neglexe-

319 2236 365 2297 ris
376 2231 409 2294 iu
422 2229 489 2293 Cat.
503 2231 554 2300 51,
568 2230 608 2291 24
622 2274 628 2286 .
641 2226 833 2311 rrepleyiplo
846 2225 975 2311 rzeplexi
983 2225 1086 2290 Maius
1098 2224 1236 2291 fortusse
1248 2226 1346 2292 nimis
1358 2246 1427 2292 con·

319 2334 451 2397 fidenter
473 2326 626 2391 adscribit
646 2326 797 2389 Frontoni
812 2347 842 2409 p.
856 2331 940 2404 328,
956 2328 1046 2392 cuius
1069 2334 1173 2394 aetate
1192 2327 1262 2393 Afri
1282 2327 1428 2393 dixerunt

321 2434 492 2499 voldericus
508 2435 540 2492 et
560 2429 763 2510 collesimus,
781 2448 864 2509 quae
886 2428 1089 2495 inveniuntur
1110 2431 1143 2495 in
1164 2430 1338 2511 euangelio
1354 2432 1428 2496 Mat

321 2535 404 2601 thasi
427 2533 576 2614 vulgatae
599 2527 747 2594 editionis
768 2551 842 2613 xxv,
856 2536 898 2599 35
915 2537 945 2595 ct
964 2538 1025 2601 38.
1042 2531 1103 2597 hoc
1126 2531 1323 2598 scholiasten
1344 2534 1427 2598 Iuve-

320 2637 401 2701 nalis
416 2636 448 2699 in
464 2641 522 2700 sat.
538 2655 583 2711 m,
600 2637 678 2715 175,
694 2631 748 2695 ubi
763 2631 835 2695 libri
851 2631 969 2696 habent
984 2658 1064 2718 puae
1079 2637 1235 2716 exissent,
1252 2655 1349 2701 usum
1361 2653 1428 2701 esse

319 2746 416 2824 puto,
435 2753 467 2802 ut
482 2734 635 2823 quicquid
649 2734 854 2799 lucr-imarum
878 2734 981 2820 adque
1002 2738 1149 2801 tristitiae
1167 2738 1380 2803 corileaeiaaeut
1393 2763 1429 2804 ec

321 2845 452 2930 tropicis
468 2840 648 2927 affectibus,
666 2837 793 2900 huiusce
808 2837 981 2922 spectaculi
993 2839 1079 2902 ri'sua
1094 2838 1286 2924 detergeret.

404 2949 455 3010 2⁶2.
480 2938 946 3004 coxsrcscnnn.Corrcctor
968 2940 1099 3022 oblongi
1121 2961 1408 3005 conseuscann.

406 3050 457 3115 ⁴25.
482 3063 722 3108 cornuorum.
740 3039 913 3126 superlore
936 3042 1130 3122 quadratus.
1147 3041 1324 3128 totpcdinrs
1346 3042 1429 3127 apud

321 3148 518 3214 lactantium
548 3143 777 3209 institutionum
808 3145 981 3220 v11‚27‚6.
1003 3144 1095 3208 unice
1124 3164 1233 3209 verum
1262 3151 1313 3210 est
1329 3147 1430 3232 finem

321 3252 507 3340 cuppedinis
541 3263 633 3333 utque
666 3246 787 3308 tritiores
801 3299 807 3317 ,
823 3241 901 3322 τούς
935 3240 1033 3331 ὅρους
1065 3249 1130 3312 τῶν
1156 3241 1353 3334 ἀλγηδόνων
1378 3246 1431 3314 καὶ

321 3357 387 3419 τῶν
403 3351 616 3433 ἐπιθυμιῶν,
634 3340 724 3411 ticio
739 3343 817 3423 τούς
839 3340 968 3432 φόβους
989 3350 1048 3435 τῆς
1063 3345 1217 3429 διανοίας
1238 3349 1297 3416 καὶ
1312 3349 1352 3416 τὸ
1375 3351 1429 3417 πέ-

321 3476 382 3544 ρας
403 3458 468 3519 τῶν
491 3451 683 3531 ἐπιθυμιῶν
707 3443 899 3514 διδάσκειν.
917 3450 962 3515 sic
977 3451 1133 3534 Epicurus
1158 3453 1244 3536 apud
1270 3453 1431 3518 [laertium

322 3581 353 3635 x,
370 3562 449 3624 112.
466 3556 511 3620 sio
532 3556 565 3618 in
580 3576 610 3630 V,
622 3558 664 3621 45
680 3550 844 3615 Lucretius
859 3552 1003 3629 erarrtue
1025 3555 1211 3640 cuppedinis
1231 3580 1323 3621 acres
1338 3580 1431 3621 curae

322 3663 493 3748 puerilique
508 3657 641 3746 perinde
657 3658 782 3720 tiruores
794 3702 801 3717 .
814 3651 856 3716 ad
868 3653 1038 3736 Epicurum
1053 3655 1204 3721 Horatius
1222 3676 1353 3741 quoque
1368 3677 1431 3722 res·

322 3761 413 3846 picit,
423 3780 493 3826 cum
506 3759 581 3826 dicit
589 3762 655 3840 Qui
663 3758 749 3844 cupit
760 3757 950 3837 autoretuit,
964 3763 996 3820 et
1004 3760 1429 3847 quicupietmetuetquoque.

408 3869 460 3932 27.
485 3884 645 3926 1111111111
668 3883 809 3924 111110.
825 3858 1030 3942 Exemplaria
1044 3859 1200 3924 Lactantii
1220 3861 1320 3928 Ia'rnt’tc
1331 3887 1430 3948 pareo

322 3967 373 4032 rel
385 3991 486 4054 prono
499 4015 506 4030 .
521 3965 602 4028 haec
624 3961 664 4027 de
686 3963 790 4027 viaet
811 3962 935 4026 tramite
957 3980 1020 4024 uon
1041 3960 1151 4025 dubito
1175 3961 1252 4042 quin
1274 3969 1372 4046 poeta
1392 3963 1430 4027 ab
1470 4000 1475 4008 ·

322 4068 459 4152 Epicuro
483 4064 672 4150 sumpserit:
689 4064 746 4130 sed
776 4063 881 4129 adhuc
910 4063 987 4126 nihil
1015 4063 1085 4128 eius
1113 4064 1198 4128 modi
1227 4064 1364 4128 relatum
1387 4064 1431 4128 in·

323 4170 395 4234 veni
409 4220 416 4233 .
431 4170 582 4234 Horatius
605 4167 811 4251 epistularum
833 4190 854 4244 1,
869 4171 918 4248 18,
937 4170 998 4234 103
1020 4168 1071 4230 Aa
1087 4180 1238 4231 sacreum
1252 4169 1314 4230 iter
1328 4181 1358 4231 et
1360 4167 1432 4255 fol·

324 4273 415 4337 lentis
430 4272 539 4335 semita
553 4271 635 4332 rr'tue
648 4319 655 4346 ,
669 4288 752 4350 quae
770 4270 855 4334 dicto
868 4276 918 4333 est
929 4262 1106 4354 ἕκχῶρησις
1116 4269 1181 4332 τῶν
1198 4266 1337 4332 πολλῶν
1347 4265 1432 4351 apud

324 4371 484 4437 [laertium
498 4393 529 4453 x,
545 4375 624 4436 143.
640 4369 816 4453 Epicureus
838 4371 924 4455 apud
947 4371 1134 4436 Ciceronem
1156 4369 1196 4433 de
1218 4367 1337 4435 tinibus
1359 4374 1431 4448 1,δῖ

322 4499 341 4540 ο
347 4474 552 4561 praeclarum
569 4473 654 4536 beate
672 4473 801 4537 rr'cendi
813 4487 842 4538 et
856 4488 999 4560 apertam
1018 4486 1046 4537 ct
1057 4471 1231 4558 simplicem
1241 4485 1271 4536 ct
1281 4471 1432 4538 directam

323 4579 429 4643 otoni!
447 4573 660 4640 Metrodorum
679 4572 870 4656 Epicureum
886 4573 1052 4658 scripsisse
1071 4571 1150 4660 περὶ
1165 4575 1225 4658 τῆς
1240 4567 1290 4650 εἷς
1309 4569 1433 4662 σοφίαν

326 4675 464 4767 πορείας
493 4682 626 4743 cesum
646 4675 792 4742 Latmus
813 4699 844 4757 ¹,
856 4680 919 4744 24.
935 4676 1036 4741 varro
1058 4674 1137 4764 napi
1158 4669 1323 4764 αἱρέσεων
1349 4674 1434 4762 apud
