3509 5442
399 576 440 641 14
796 575 808 599 ⁶
865 592 1047 634 nmnxnxrro

399 746 512 828 sophia
541 745 730 828 explicanda
758 763 836 808 sane
866 742 1024 823 diligens,
1042 741 1099 805 sed
1131 741 1261 820 linguae
1288 738 1424 802 Latinae
1453 739 1515 803 im-

398 846 627 928 peritissimus.
645 847 739 912 editr‘o
756 846 969 909 Loudiaeoais
984 864 1067 907 anno
1084 847 1165 910 1712
1181 841 1266 905 faeta
1287 841 1363 904 mihi
1385 841 1428 904 ad
1450 841 1516 905 hoc

398 968 495 1011 unum
527 949 613 1013 utilis
640 948 698 1011 fuit
713 999 720 1024 ,
735 953 770 1009 ut
791 945 913 1025 aliquot
935 944 1190 1008 emendationum
1218 950 1363 1008 auctores
1388 944 1516 1026 primos

400 1068 651 1129 cognoscerem.
675 1067 779 1129 neque
813 1045 969 1125 Sigeberti
992 1048 1221 1132 ,Habere-ompi
1251 1045 1315 1109 duo
1347 1047 1517 1109 volumina

399 1151 549 1232 Lugduni
565 1154 756 1216 Batavorum
780 1167 863 1210 anno
884 1150 965 1214 1725
988 1146 1073 1209 edita
1094 1147 1162 1212 ulla
1176 1147 1272 1211 laude
1294 1147 1392 1228 digna
1415 1153 1515 1211 sunt:

400 1274 472 1316 narn
497 1271 601 1335 neque
625 1252 693 1334 ipse
716 1257 770 1313 aut
793 1249 991 1312 emendando
1015 1255 1069 1312 aut
1090 1249 1327 1331 interpretando
1354 1269 1516 1313 memora-

400 1355 465 1418 bile
489 1355 657 1436 quicquam
681 1352 804 1427 effecit,
822 1369 925 1430 nequo
953 1370 1094 1430 eaquae
1117 1351 1239 1432 priores
1268 1357 1401 1432 egerant
1423 1357 1516 1415 reete

400 1464 430 1520 et
458 1477 528 1520 curn
559 1477 634 1520 eura
658 1454 811 1536 disposita
835 1451 996 1529 exhibuit,
1013 1472 1116 1532 neque
1143 1454 1175 1516 in
1198 1454 1399 1518 Leidensium
1424 1454 1516 1517 codi-

400 1579 470 1622 cum
494 1556 680 1622 auctoritate
700 1554 902 1618 testificanda
924 1554 991 1617 ulla
1013 1553 1075 1616 fide
1099 1561 1153 1617 aut
1176 1556 1318 1619 sollertia
1339 1575 1416 1618 usus
1441 1561 1514 1619 est.

401 1661 458 1724 sed
485 1661 739 1740 Haveroampum
769 1656 899 1739 quidem
928 1657 1012 1719 omni
1040 1663 1183 1739 tempore
1211 1676 1320 1720 omnes
1349 1663 1515 1740 contemp-

401 1767 528 1826 serunt:
546 1760 687 1824 Gilberto
711 1760 902 1845 bfalafleldo
925 1758 1010 1822 unde
1031 1760 1226 1840 praeclaram
1243 1759 1401 1839 quandam
1424 1759 1515 1841 apud

401 1862 578 1928 Germanos
595 1861 858 1925 existimationem
875 1861 1050 1926 accessisse
1073 1861 1176 1924 dicam
1199 1861 1308 1923 dubito
1322 1912 1329 1937 ,
1345 1860 1405 1924 nisi
1428 1860 1514 1926 forte

399 1964 572 2028 modestiae
595 1964 699 2046 specie
718 1963 898 2026 hominibus
914 1963 1065 2026 modestis
1088 1969 1118 2025 et
1140 1963 1181 2026 ab
1198 1963 1281 2025 omui
1305 1962 1412 2026 iudicii
1436 1963 1514 2026 sub·

398 2067 511 2129 tilitate
540 2065 782 2128 abhorrentibus
810 2065 994 2127 mirabiliter
1022 2065 1212 2146 imposuisse
1235 2065 1413 2130 censendus
1442 2072 1513 2131 est.

402 2169 485 2231 enirn
513 2186 589 2229 vero
619 2167 680 2228 ista
708 2165 866 2228 modestia
897 2186 960 2228 non
989 2166 1047 2230 suit
1073 2166 1210 2230 bominis
1241 2167 1414 2249 sapientis,
1432 2169 1513 2245 sed,

402 2269 487 2349 quod
509 2267 695 2330 incredibile
718 2267 884 2343 rideatur,
901 2288 999 2350 prope
1022 2268 1153 2344 fumosi,
1171 2268 1223 2349 qui
1247 2289 1317 2331 cum
1341 2270 1514 2333 allarullo

401 2377 432 2434 et
454 2370 608 2433 lambino
635 2371 734 2433 multa
761 2369 830 2433 siue
860 2390 957 2434 causa
981 2375 1089 2432 contra
1115 2377 1254 2432 veterum
1283 2370 1514 2452 exemplarium

404 2471 500 2536 fidem
527 2473 650 2535 invecta
680 2477 764 2533 recte
786 2470 1013 2544 intellexisset,
1030 2472 1108 2534 haec
1136 2471 1268 2535 eiecisse
1295 2492 1358 2534 non
1383 2479 1515 2536 eonten-

403 2579 474 2650 tus‚
490 2573 656 2636 verissima
685 2591 831 2653 quaeque
859 2579 890 2635 et
912 2572 1088 2636 certissima
1110 2574 1197 2636 nullo
1225 2574 1284 2636 nisi
1307 2574 1441 2636 iniuriae
1465 2576 1515 2638 ul·

404 2675 572 2740 ciseendae
601 2675 732 2738 consilio
765 2693 833 2736 eum
856 2674 904 2735 ira
932 2680 962 2737 et
985 2674 1135 2737 conviciis
1156 2673 1347 2738 foedissimis
1370 2677 1515 2757 exagita-

400 2777 502 2855 verit3
519 2798 589 2858 ,quo
612 2777 701 2839 litut
724 2776 813 2840 Aiaci
836 2776 1033 2838 Varroniano
1058 2776 1235 2840 simillimus
1258 2778 1318 2840 sit:
1335 2779 1424 2841 Aiax
1447 2793 1514 2843 tam

402 2881 602 2966 credr'tferre
618 2906 650 2944 ae
666 2880 794 2944 caedere
817 2880 848 2942 U
847 2879 931 2941 lairen
945 2929 953 2958 ,
971 2880 1048 2943 (lom
1064 2881 1172 2943 berevile
1194 2883 1306 2943 silvam
1323 2881 1424 2943 ‹aedr't
1437 2906 1514 2964 por-

402 3007 513 3067 cosque
541 2981 823 3061 rraaidor.itaque
851 2980 885 3042 in
913 2980 1011 3043 vastis
1039 2979 1226 3043 Wakefieldi
1258 2982 1513 3061 commentariis,

404 3103 484 3164 quos
512 3082 582 3165 ipse
614 3082 870 3166 splendidissime
899 3081 998 3144 edidit
1022 3082 1157 3144 Loudiui
1180 3082 1272 3145 annis
1292 3088 1370 3150 latre
1394 3090 1426 3147 et
1448 3090 1514 3161 ar,

402 3185 622 3265 Glasguenses
637 3184 732 3267 paulo
749 3183 963 3246 commodiore
985 3181 1086 3244 forma
1102 3183 1295 3264 repetierunt
1309 3204 1392 3246 anno
1409 3189 1513 3262 1813,

403 3285 524 3349 nullum
546 3304 646 3365 prope
670 3283 807 3347 studium
829 3283 1063 3346 animadvertas
1087 3285 1221 3348 lucretii
1244 3286 1399 3349 rationum
1426 3293 1514 3351 recte

402 3385 688 3466 intellegendarum
703 3435 710 3461 ‚
727 3386 846 3447 nullam
861 3385 991 3465 linguae
1004 3385 1136 3448 Latinae
1149 3387 1332 3463 seientiam,
1351 3388 1409 3450 sed
1420 3408 1514 3469 prae-

401 3494 450 3551 ter
478 3486 622 3551 convicia
650 3486 789 3566 aliquam
819 3508 895 3550 sane
926 3487 1155 3566 elegantiarum
1187 3490 1379 3570 poeticarum
1409 3490 1514 3553 eleo-

403 3589 487 3653 tione
515 3587 614 3650 multa
643 3587 699 3649 sed
721 3608 831 3670 parurn
860 3590 992 3653 subacta
1014 3590 1300 3666 consectationem,
1318 3595 1348 3652 et
1372 3590 1514 3671 insignia

403 3709 506 3772 neque
539 3710 579 3753 ea
612 3688 704 3752 nimis
735 3710 806 3752 rara
840 3692 952 3754 summi
986 3690 1106 3770 ingenii
1136 3691 1323 3772 egregiique
1357 3691 1514 3754 acuminis

402 3792 593 3872 vestigia‚e
618 3792 732 3873 quibus
756 3799 910 3874 appareat
932 3812 1023 3867 eum,
1041 3792 1099 3855 nisi
1123 3792 1237 3856 mentis
1264 3811 1351 3854 error
1373 3791 1513 3856 obstitis-

403 3899 472 3971 set,
496 3893 637 3976 potuisse
667 3913 700 3956 re
728 3912 805 3956 vera
832 3899 953 3956 tantum
985 3892 1016 3954 in
1045 3892 1106 3956 lroo
1137 3899 1281 3975 poemate
1310 3892 1511 3956 emendando

403 3993 527 4058 efficere
551 4001 701 4076 quantum
724 3994 830 4057 multis
852 3993 940 4056 visus
963 3993 1003 4057 sit
1026 3993 1188 4056 effecisse.
1206 3993 1299 4056 huius
1322 3999 1354 4056 et
1375 3993 1512 4056 imitato-

405 4113 456 4158 res
480 4095 564 4158 etin
586 4097 663 4159 artis
686 4095 844 4176 studiique
873 4100 1054 4176 contemptu
1076 4095 1240 4173 aemulos,
1257 4095 1428 4158 Henricum
1452 4095 1512 4159 Ca·

404 4195 505 4260 rolum
532 4196 748 4260 Abrahamum
775 4197 995 4261 Er‘obstodeirm
1030 4202 1060 4259 et
1092 4197 1255 4261 Albertum
1284 4198 1510 4280 Foebiqercm,

404 4317 459 4360 our
482 4297 775 4362 commemorandos
798 4298 912 4361 ducam
934 4297 1024 4361 multi
1052 4303 1137 4362 reete
1160 4318 1236 4361 sane
1259 4296 1513 4374 mirabuntur‚a

404 4397 520 4478 quibus
547 4417 587 4463 ne
610 4403 730 4462 tantum
754 4399 882 4480 quidem
909 4406 1060 4480 quantum
1088 4400 1128 4462 ab
1151 4400 1372 4480 Havereampo
1396 4416 1511 4479 capere

403 4499 580 4583 potuerim:
597 4520 669 4563 narn
685 4499 889 4564 Eichstadius
904 4521 1000 4564 unum
1017 4500 1089 4563 libri
1105 4499 1205 4580 quinti
1219 4519 1346 4563 versum
1362 4500 1512 4563 emenda-

402 4600 448 4667 rit
459 4601 572 4685 (584),
588 4602 743 4683 Forbiger
757 4601 834 4665 nihil
846 4622 981 4683 usquam
993 4600 1196 4665 laudabiliter
1210 4600 1328 4681 gessit.
1345 4598 1403 4665 sed
1418 4598 1510 4676 mihi,

406 4723 478 4767 oum
491 4702 688 4791 antiquiores
702 4722 812 4769 eorum
827 4702 967 4782 similes,
983 4703 1150 4767 Danielem
1165 4703 1302 4767 Pareum
1315 4752 1323 4781 ,
1338 4701 1512 4766 Iohannem
