3509 5442
394 585 435 648 22
938 581 954 643 Ι

395 756 478 827 405,
496 753 616 815 lomatio
634 749 762 832 proprie
783 768 847 812 uon
863 749 968 824 tendi,
986 770 1055 814 oum
1072 755 1178 812 tamen
1194 768 1233 812 ea
1247 747 1346 829 vulgo
1362 747 1509 813 contendi

395 859 490 937 atque
505 852 629 917 intendi
641 851 804 925 dicantur,
822 870 925 930 neque
947 851 980 913 in
996 874 1026 912 rr
1041 902 1048 926 ‚
1065 856 1128 918 300
1144 850 1310 914 Lueretius
1326 848 1505 930 addiderit,

396 955 482 1038 quod
503 955 559 1018 ille
575 972 706 1017 neeesse
723 972 795 1016 esse
815 957 924 1034 putat,
941 977 1134 1037 rosaceoque.
1152 949 1210 1013 sed
1225 949 1341 1014 dixerit
1357 950 1507 1034 simpliei-

395 1063 443 1119 ter
458 1058 562 1120 oculeo
583 1068 691 1118 eontra
712 1055 856 1118 tendere.
873 1052 981 1132 itaque
998 1074 1165 1114 resonae
1189 1058 1224 1113 ut
1245 1071 1265 1114 a
1287 1057 1368 1115 teste
1390 1052 1508 1116 nostris

395 1156 573 1239 antiquiore
597 1155 716 1219 editum
738 1152 985 1236 praeferendum
1008 1152 1110 1217 duco.

482 1263 532 1324 68.
558 1256 665 1333 Qr'uu
688 1277 778 1323 uno.
795 1276 892 1315 usura
910 1277 1010 1316 nuru
1032 1278 1099 1316 xer
1117 1277 1304 1318 rruurxu.
1321 1252 1508 1318 Rectissime

396 1359 559 1423 Bentleius
583 1380 674 1421 rura
700 1358 789 1420 derum
803 1380 813 1434 ,·
829 1356 914 1435 quod
937 1356 1154 1420 Wakefieldus
1176 1357 1274 1419 allato
1297 1352 1392 1418 simili
1414 1374 1508 1420 versu

397 1460 469 1524 libri
493 1483 511 1522 v
526 1465 565 1527 75
587 1457 752 1541 probavit,
769 1456 849 1519 ‘sine
873 1457 940 1519 ulla
961 1457 1077 1520 idonea
1099 1459 1209 1522 oausa'
1231 1463 1265 1520 ut
1286 1455 1411 1519 videtur
1433 1457 1509 1520 For-

396 1560 527 1641 bigero.
546 1559 664 1623 scilieet
677 1560 775 1645 joma
792 1577 855 1618 non
871 1558 974 1621 omnis
990 1558 1170 1622 necessario
1187 1562 1388 1646 proporrost,
1404 1577 1508 1639 neque

396 1668 460 1725 tarn
476 1666 613 1742 anguste
629 1642 793 1725 Lucretius
809 1662 968 1743 loquitur,
985 1665 1019 1722 ut
1041 1659 1223 1742 epitheton,
1240 1658 1294 1722 ubi
1317 1678 1369 1721 res
1386 1659 1507 1740 exigit,

396 1763 642 1846 praetermittat.

484 1869 532 1932 ΤΟ.
556 1864 709 1926 lunrrur
726 1887 831 1927 aaron
849 1886 1059 1939 murrona,
1077 1881 1337 1925 cosrnrnouar.
1353 1883 1397 1924 ur
1413 1883 1508 1924 narr

397 1967 579 2030 Narrare
607 1989 744 2029 paruus
774 1989 973 2029 nonmrnru
1004 1985 1194 2026 rrrrsrnu
1225 1985 1414 2025 cununnr.
1437 1964 1509 2027 Non

398 2067 480 2130 male
516 2073 674 2130 corrector
710 2069 841 2149 oblongi
863 2071 1044 2153 ²prorepere:
1062 2067 1118 2130 sed
1152 2085 1222 2129 oum
1257 2063 1343 2148 apud
1370 2063 1509 2128 Nonium

397 2188 428 2251 p.
445 2174 526 2243 556,
544 2172 585 2234 33
608 2167 649 2230 sit
668 2170 834 2254 perfrinpe
863 2184 897 2232 ot
918 2167 1193 2244 or‚vorissim11m
1217 2185 1288 2230 esse
1313 2166 1509 2230 censendum

399 2273 448 2332 est
471 2267 556 2347 quod
578 2266 674 2330 habet
689 2269 872 2332 Priscianus
895 2291 925 2352 p.
942 2276 1005 2337 >titt
1029 2291 1257 2331 urrurn'uauu
1280 2282 1313 2331 ut
1335 2281 1427 2332 arta.
1445 2273 1510 2330 tum

310 2429 313 2436 .
398 2368 484 2450 apud
507 2368 703 2432 Priscianum
726 2385 884 2435 terraram
906 2373 1045 2436 claustr-o
1069 2391 1126 2453 per
1142 2389 1302 2446 errorem,
1327 2368 1384 2433 sed
1406 2391 1510 2433 cerr-

398 2492 465 2532 anr
494 2476 598 2534 recte.
615 2470 675 2534 hoo
702 2471 805 2554 ipsum
834 2480 992 2535 corrector
1020 2471 1151 2552 oblongi
1179 2471 1305 2553 posuit,
1322 2471 1376 2551 qui
1404 2477 1511 2535 tamen

399 2569 515 2634 adiecit
536 2569 616 2634 haee
639 2592 715 2635 sane
739 2572 916 2650 mirabilia,
934 2575 975 2637 ol.
1000 2574 1137 2637 vallaret.

486 2676 535 2738 74.
559 2673 688 2742 ArQru
706 2661 830 2736 orriruu
848 2696 1055 2736 ruunusuu.
1069 2674 1235 2738 Corrector
1248 2670 1378 2754 oblongi
1391 2694 1510 2736 onus.

399 2772 432 2836 in
453 2772 606 2856 proximis
628 2775 751 2838 Nonius
774 2797 804 2858 p.
822 2786 881 2846 381
899 2785 961 2856 ,25
985 2775 1071 2844 Unde
1087 2777 1185 2861 rffert
1200 2799 1297 2839 novos
1312 2774 1434 2838 dator.
1453 2774 1510 2839 sed

399 2873 498 2937 multa
520 2894 602 2957 quae
624 2875 718 2940 huius
741 2881 869 2958 generis
894 2887 968 2944 sunt
994 2874 1192 2963 praeteribo.

487 2981 536 3042 77.
561 2974 743 3051 Quantum
776 3004 830 3043 sir
860 3003 1040 3045 parrone,
1066 2978 1232 3042 corrector
1254 2977 1384 3058 oblongi
1411 2975 1512 3053 Qua·

400 3100 473 3141 rau
487 3128 494 3141 .
509 3078 555 3142 ita
570 3078 720 3161 seriptum
745 3089 831 3146 extat
853 3083 936 3147 infra
951 3102 1044 3146 versu
1060 3087 1143 3155 555,
1159 3077 1232 3141 item
1256 3079 1289 3142 in
1313 3102 1329 3140 v
1344 3130 1351 3155 ‚
1368 3085 1411 3147 90
1433 3086 1467 3143 et
1480 3080 1512 3142 in

400 3201 454 3255 vr,
473 3185 535 3247 65.

486 3284 536 3347 82.
561 3286 611 3348 83.
644 3282 853 3347 luorionuur
877 3330 962 3337 -
986 3308 1139 3348 suerrus
1169 3304 1253 3345 mun
1277 3323 1363 3331 —
1389 3304 1512 3353 arcun

326 3452 328 3456 .
401 3403 505 3443 ruera
530 3402 667 3443 ruera.
684 3384 804 3448 Horum
832 3386 941 3469 priora
963 3387 1126 3452 confirmat
1151 3384 1275 3449 Probus
1297 3388 1512 3466 p-1438,ot-

402 3509 460 3569 qae
477 3485 577 3567 rinpr'o
591 3483 775 3549 Lactantius
798 3487 940 3552 institut.
958 3513 989 3566 1,
1006 3493 1043 3554 21
1062 3537 1068 3550 .
1087 3487 1260 3568 quadratus
1276 3491 1307 3549 et
1322 3484 1460 3550 schedae
1476 3512 1513 3550 oe

401 3588 517 3671 impia,
535 3602 641 3648 errore
663 3584 820 3666 mirabili,
837 3589 895 3652 sed
923 3608 1030 3654 errore
1057 3594 1183 3650 tamen:
1200 3607 1274 3650 narn
1300 3586 1425 3651 terendi
1447 3608 1511 3651 non

401 3694 474 3752 sunt
501 3686 556 3770 qui
582 3704 649 3749 rem
671 3688 845 3753 iandudum
869 3690 1070 3773 profligatam
1093 3689 1234 3754 recinere
1258 3711 1321 3754 non
1344 3688 1511 3755 desinunt.

401 3813 438 3853 oo
453 3787 541 3852 brevi
559 3789 686 3873 syllaba
701 3798 847 3855 constare
863 3791 939 3855 dicit
953 3779 1077 3856 Probus
1100 3812 1130 3873 p.
1151 3795 1231 3859 1425
1246 3840 1253 3854 .
1269 3791 1301 3855 in
1325 3789 1396 3855 Silii
1411 3790 1512 3856 Italici

400 3889 482 3953 libro
504 3913 567 3965 xv,
587 3895 645 3958 147
669 3892 721 3956 vix
742 3891 895 3957 credibile
918 3899 966 3957 est
980 3893 1145 3957 Heinsium
1169 3898 1200 3956 et
1214 3893 1513 3962 Drakenborohium

402 3991 625 4057 ecoloniensi
654 3972 811 4059 errasse
826 4021 862 4058 aa
885 3998 966 4059 rra:
982 3994 1119 4058 uerebar
1147 3995 1230 4058 enim
1258 3994 1334 4057 auu
1362 3995 1512 4077 spiritus,

405 4093 435 4154 T
431 4117 483 4155 cm
506 4117 577 4158 vero
601 4120 711 4180 capere
734 4121 824 4160 armo
845 4099 951 4161 iubent
963 4146 970 4175 ,
986 4099 1178 4182 portibusque
1200 4098 1339 4160 salutant
1355 4098 1516 4164 Submissi

403 4196 596 4279 capariam:
611 4197 668 4259 boo
691 4200 751 4261 iret
762 4248 769 4278 ,
787 4224 850 4283 qua
873 4199 986 4263 docere
1015 4197 1103 4261 dicos
1126 4199 1335 4285 Perspicuum
1358 4214 1386 4264 et
1404 4203 1513 4285 patrol>

403 4309 590 4361 monstraret
608 4301 718 4361 semoto
739 4302 828 4385 repro
842 4349 849 4364 .
864 4299 899 4363 in
914 4298 1058 4364 eiusdem
1074 4320 1160 4375 xum,
1177 4305 1240 4367 242
1255 4299 1328 4364 libri
1351 4299 1423 4384 (sed
1439 4320 1513 4365 auo-

403 4395 514 4459 toritas
535 4396 735 4462 Coloniensis
756 4399 877 4486 deficit)
901 4429 938 4467 ao
957 4405 1131 4467 imbribus:
1152 4408 1235 4465 reete
1257 4402 1401 4468 fecerunt
1423 4405 1514 4468 orobi-

405 4500 480 4579 bos,
499 4498 584 4579 quod
606 4500 771 4564 confirmat
793 4522 904 4568 versus
928 4503 1046 4568 ibidem
1062 4509 1122 4572 66.

490 4605 541 4668 84.
580 4622 729 4664 rurvrrr
754 4627 917 4668 vrnerurs
939 4650 1026 4659 -
1049 4612 1099 4674 85.
1123 4606 1427 4669 luuraunssnrua
1449 4630 1514 4672 rn-

405 4725 499 4795 auur
530 4724 711 4767 sruouruu
740 4728 879 4772 ronna.
902 4707 1084 4772 Priscianus
1110 4729 1141 4792 p.
1160 4714 1220 4778 728
1252 4712 1513 4787 Tarvm1‚tum
