<?xml version="1.0" encoding="UTF-8"?>
<!DOCTYPE html PUBLIC "-//W3C//DTD XHTML 1.0 Transitional//EN"
    "http://www.w3.org/TR/xhtml1/DTD/xhtml1-transitional.dtd">
<html xmlns="http://www.w3.org/1999/xhtml" xml:lang="en" lang="en">
 <head>
  <title>
</title>
<meta http-equiv="Content-Type" content="text/html;charset=utf-8" />
  <meta name='ocr-system' content='tesseract 3.04.00' />
  <meta name='ocr-capabilities' content='ocr_page ocr_carea ocr_par ocr_line ocrx_word'/>
</head>
<body>
  <div class='ocr_page' id='page_1' title='image "./carolilachmanni00lachgoog_0011.png"; bbox 0 0 3509 5442; ppageno 0'>
   <div class='ocr_carea' id='block_1_1' title="bbox 802 570 1435 634">
    <p class='ocr_par' dir='ltr' id='par_1_1' title="bbox 802 570 1435 634">
     <span class='ocr_line' id='line_1_1' title="bbox 802 570 1435 634; baseline -0.002 -10"><span class='ocrx_word' id='word_1_1' title='bbox 802 581 956 624; x_wconf 81' lang='lat' dir='ltr'>aacarrsro</span> <span class='ocrx_word' id='word_1_2' title='bbox 1413 570 1435 634; x_wconf 75' lang='grc'>5</span> 
     </span>
    </p>
   </div>
   <div class='ocr_carea' id='block_1_2' title="bbox 274 730 1491 4802">
    <p class='ocr_par' dir='ltr' id='par_1_2' title="bbox 274 730 1491 3049">
     <span class='ocr_line' id='line_1_2' title="bbox 322 730 1434 815; baseline -0.002 -15"><span class='ocrx_word' id='word_1_3' title='bbox 322 753 428 814; x_wconf 88' lang='lat' dir='ltr'>neque</span> <span class='ocrx_word' id='word_1_4' title='bbox 450 754 489 797; x_wconf 89' lang='lat' dir='ltr'>eo</span> <span class='ocrx_word' id='word_1_5' title='bbox 513 737 585 797; x_wconf 89' lang='lat' dir='ltr'>ante</span> <span class='ocrx_word' id='word_1_6' title='bbox 600 730 749 797; x_wconf 91' lang='lat' dir='ltr'>Vossium</span> <span class='ocrx_word' id='word_1_7' title='bbox 773 731 827 812; x_wconf 91' lang='lat' dir='ltr'>qui</span> <span class='ocrx_word' id='word_1_8' title='bbox 842 751 920 796; x_wconf 89' lang='lat' dir='ltr'>usus</span> <span class='ocrx_word' id='word_1_9' title='bbox 936 730 976 796; x_wconf 89' lang='lat' dir='ltr'>sit</span> <span class='ocrx_word' id='word_1_10' title='bbox 991 750 1182 813; x_wconf 77' lang='lat' dir='ltr'>quemquam</span> <span class='ocrx_word' id='word_1_11' title='bbox 1198 731 1343 815; x_wconf 86' lang='lat' dir='ltr'>reperio:</span> <span class='ocrx_word' id='word_1_12' title='bbox 1359 732 1434 798; x_wconf 89' lang='lat' dir='ltr'>olim</span> 
     </span>
     <span class='ocr_line' id='line_1_3' title="bbox 323 831 1435 918; baseline 0 -18"><span class='ocrx_word' id='word_1_13' title='bbox 323 837 429 900; x_wconf 85' lang='lat' dir='ltr'>tamen</span> <span class='ocrx_word' id='word_1_14' title='bbox 457 835 641 915; x_wconf 87' lang='lat' dir='ltr'>Maguntiao</span> <span class='ocrx_word' id='word_1_15' title='bbox 672 831 770 897; x_wconf 87' lang='lat' dir='ltr'>inisse</span> <span class='ocrx_word' id='word_1_16' title='bbox 804 832 919 897; x_wconf 85' lang='lat' dir='ltr'>docent</span> <span class='ocrx_word' id='word_1_17' title='bbox 945 852 1029 916; x_wconf 89' lang='lat' dir='ltr'>quae</span> <span class='ocrx_word' id='word_1_18' title='bbox 1058 834 1175 916; x_wconf 90' lang='lat' dir='ltr'>scripta</span> <span class='ocrx_word' id='word_1_19' title='bbox 1210 840 1285 898; x_wconf 91' lang='lat' dir='ltr'>sunt</span> <span class='ocrx_word' id='word_1_20' title='bbox 1316 835 1435 918; x_wconf 79' lang='lat' dir='ltr'>pagina</span> 
     </span>
     <span class='ocr_line' id='line_1_4' title="bbox 322 931 1433 1020; baseline 0.002 -20"><span class='ocrx_word' id='word_1_21' title='bbox 322 937 425 1020; x_wconf 89' lang='lat' dir='ltr'>prima</span> <span class='ocrx_word' id='word_1_22' title='bbox 446 937 479 1000; x_wconf 93' lang='lat' dir='ltr'>in</span> <span class='ocrx_word' id='word_1_23' title='bbox 502 935 644 1016; x_wconf 80' lang='lat' dir='ltr'>margine</span> <span class='ocrx_word' id='word_1_24' title='bbox 659 932 828 1012; x_wconf 87' lang='lat' dir='ltr'>inferiore,</span> <span class='ocrx_word' id='word_1_25' title='bbox 853 931 930 999; x_wconf 84' lang='lat' dir='ltr'>&#39;Iste</span> <span class='ocrx_word' id='word_1_26' title='bbox 953 935 1035 999; x_wconf 88' lang='lat' dir='ltr'>liber</span> <span class='ocrx_word' id='word_1_27' title='bbox 1048 933 1185 1018; x_wconf 83' lang='lat' dir='ltr'>pertinet</span> <span class='ocrx_word' id='word_1_28' title='bbox 1208 935 1249 998; x_wconf 88' lang='lat' dir='ltr'>ad</span> <span class='ocrx_word' id='word_1_29' title='bbox 1271 935 1433 1002; x_wconf 83' lang='lat' dir='ltr'>librariam</span> 
     </span>
     <span class='ocr_line' id='line_1_5' title="bbox 324 1033 1435 1121; baseline 0.002 -20"><span class='ocrx_word' id='word_1_30' title='bbox 324 1038 430 1102; x_wconf 80' lang='lat' dir='ltr'>Sancti</span> <span class='ocrx_word' id='word_1_31' title='bbox 464 1036 590 1101; x_wconf 89' lang='lat' dir='ltr'>Martini</span> <span class='ocrx_word' id='word_1_32' title='bbox 624 1036 756 1100; x_wconf 80' lang='lat' dir='ltr'>ecclesie</span> <span class='ocrx_word' id='word_1_33' title='bbox 783 1036 971 1117; x_wconf 86' lang='lat' dir='ltr'>Magantia.</span> <span class='ocrx_word' id='word_1_34' title='bbox 999 1036 1040 1099; x_wconf 93' lang='lat' dir='ltr'>M.</span> <span class='ocrx_word' id='word_1_35' title='bbox 1066 1033 1214 1100; x_wconf 87' lang='lat' dir='ltr'>Sindicus</span> <span class='ocrx_word' id='word_1_36' title='bbox 1248 1038 1435 1121; x_wconf 82' lang='lat' dir='ltr'>subscripsit</span> 
     </span>
     <span class='ocr_line' id='line_1_6' title="bbox 323 1136 1434 1224; baseline 0.001 -22"><span class='ocrx_word' id='word_1_37' title='bbox 323 1160 406 1203; x_wconf 90' lang='lat' dir='ltr'>anno</span> <span class='ocrx_word' id='word_1_38' title='bbox 433 1143 515 1206; x_wconf 78' lang='lat'>1479</span> <span class='ocrx_word' id='word_1_39' title='bbox 531 1138 550 1201; x_wconf 89' lang='lat'>.&#39;</span> <span class='ocrx_word' id='word_1_40' title='bbox 573 1137 731 1213; x_wconf 84' lang='lat' dir='ltr'>schedae,</span> <span class='ocrx_word' id='word_1_41' title='bbox 755 1136 821 1201; x_wconf 84' lang='lat' dir='ltr'>sive</span> <span class='ocrx_word' id='word_1_42' title='bbox 834 1140 926 1224; x_wconf 73' lang='lat' dir='ltr'>folio</span> <span class='ocrx_word' id='word_1_43' title='bbox 952 1138 1057 1202; x_wconf 86' lang='lat' dir='ltr'>dicere</span> <span class='ocrx_word' id='word_1_44' title='bbox 1080 1136 1257 1216; x_wconf 83' lang='lat' dir='ltr'>malumus,</span> <span class='ocrx_word' id='word_1_45' title='bbox 1281 1145 1355 1203; x_wconf 91' lang='lat' dir='ltr'>sunt</span> <span class='ocrx_word' id='word_1_46' title='bbox 1376 1160 1434 1204; x_wconf 91' lang='lat' dir='ltr'>nu-</span> 
     </span>
     <span class='ocr_line' id='line_1_7' title="bbox 323 1235 1435 1321; baseline 0 -17"><span class='ocrx_word' id='word_1_47' title='bbox 323 1245 412 1305; x_wconf 88' lang='lat' dir='ltr'>mero</span> <span class='ocrx_word' id='word_1_48' title='bbox 430 1245 511 1317; x_wconf 77' lang='lat'>192,</span> <span class='ocrx_word' id='word_1_49' title='bbox 533 1259 645 1303; x_wconf 89' lang='lat' dir='ltr'>versus</span> <span class='ocrx_word' id='word_1_50' title='bbox 660 1238 849 1321; x_wconf 87' lang='lat' dir='ltr'>paginarum</span> <span class='ocrx_word' id='word_1_51' title='bbox 870 1239 992 1318; x_wconf 82' lang='lat' dir='ltr'>viceni,</span> <span class='ocrx_word' id='word_1_52' title='bbox 1015 1239 1048 1303; x_wconf 91' lang='lat' dir='ltr'>in</span> <span class='ocrx_word' id='word_1_53' title='bbox 1069 1235 1244 1304; x_wconf 73' lang='lat' dir='ltr'>schedam</span> <span class='ocrx_word' id='word_1_54' title='bbox 1267 1240 1435 1321; x_wconf 88' lang='lat' dir='ltr'>(quaeest</span> 
     </span>
     <span class='ocr_line' id='line_1_8' title="bbox 274 1339 1434 1427; baseline 0.003 -22"><span class='ocrx_word' id='word_1_55' title='bbox 274 1366 277 1417; x_wconf 83' lang='grc'>;</span> <span class='ocrx_word' id='word_1_56' title='bbox 324 1342 542 1424; x_wconf 85' lang='lat' dir='ltr'>quaternionis</span> <span class='ocrx_word' id='word_1_57' title='bbox 564 1340 643 1405; x_wconf 84' lang='lat' dir='ltr'>sexti</span> <span class='ocrx_word' id='word_1_58' title='bbox 665 1339 778 1419; x_wconf 85' lang='lat' dir='ltr'>tertia)</span> <span class='ocrx_word' id='word_1_59' title='bbox 800 1340 903 1407; x_wconf 89' lang='lat' dir='ltr'>viceni</span> <span class='ocrx_word' id='word_1_60' title='bbox 919 1341 1041 1423; x_wconf 92' lang='lat' dir='ltr'>septeni</span> <span class='ocrx_word' id='word_1_61' title='bbox 1064 1340 1126 1426; x_wconf 84' lang='lat'>(11,</span> <span class='ocrx_word' id='word_1_62' title='bbox 1142 1341 1332 1427; x_wconf 82' lang='lat'>484—536)</span> <span class='ocrx_word' id='word_1_63' title='bbox 1346 1391 1353 1405; x_wconf 91' lang='lat'><strong>.</strong></span> <span class='ocrx_word' id='word_1_64' title='bbox 1369 1363 1434 1408; x_wconf 91' lang='lat' dir='ltr'>una</span> 
     </span>
     <span class='ocr_line' id='line_1_9' title="bbox 322 1441 1434 1526; baseline 0.001 -19"><span class='ocrx_word' id='word_1_65' title='bbox 322 1444 443 1526; x_wconf 84' lang='lat' dir='ltr'>pagina</span> <span class='ocrx_word' id='word_1_66' title='bbox 465 1450 531 1507; x_wconf 88' lang='lat' dir='ltr'>tota</span> <span class='ocrx_word' id='word_1_67' title='bbox 545 1462 647 1507; x_wconf 87' lang='lat' dir='ltr'>vacua</span> <span class='ocrx_word' id='word_1_68' title='bbox 669 1449 717 1506; x_wconf 89' lang='lat' dir='ltr'>est</span> <span class='ocrx_word' id='word_1_69' title='bbox 739 1449 812 1525; x_wconf 91' lang='lat' dir='ltr'>post</span> <span class='ocrx_word' id='word_1_70' title='bbox 831 1462 958 1508; x_wconf 85' lang='lat' dir='ltr'>versum</span> <span class='ocrx_word' id='word_1_71' title='bbox 980 1441 1052 1506; x_wconf 91' lang='lat' dir='ltr'>libri</span> <span class='ocrx_word' id='word_1_72' title='bbox 1068 1466 1101 1505; x_wconf 87' lang='lat' dir='ltr'>vr</span> <span class='ocrx_word' id='word_1_73' title='bbox 1114 1448 1174 1510; x_wconf 80' lang='lat'>78:</span> <span class='ocrx_word' id='word_1_74' title='bbox 1191 1461 1230 1505; x_wconf 88' lang='lat' dir='ltr'>ea</span> <span class='ocrx_word' id='word_1_75' title='bbox 1253 1448 1301 1506; x_wconf 90' lang='lat' dir='ltr'>est</span> <span class='ocrx_word' id='word_1_76' title='bbox 1314 1443 1434 1524; x_wconf 80' lang='lat' dir='ltr'>pagina</span> 
     </span>
     <span class='ocr_line' id='line_1_10' title="bbox 274 1532 1434 1624; baseline 0.001 -16"><span class='ocrx_word' id='word_1_77' title='bbox 274 1532 276 1539; x_wconf 66' lang='grc'><strong>’</strong></span> <span class='ocrx_word' id='word_1_78' title='bbox 322 1565 417 1610; x_wconf 89' lang='lat' dir='ltr'>versa</span> <span class='ocrx_word' id='word_1_79' title='bbox 439 1543 576 1609; x_wconf 89' lang='lat' dir='ltr'>schedae</span> <span class='ocrx_word' id='word_1_80' title='bbox 607 1544 735 1624; x_wconf 89' lang='lat' dir='ltr'>quintae</span> <span class='ocrx_word' id='word_1_81' title='bbox 762 1545 796 1608; x_wconf 91' lang='lat' dir='ltr'>in</span> <span class='ocrx_word' id='word_1_82' title='bbox 818 1544 984 1621; x_wconf 81' lang='lat' dir='ltr'>tennione,</span> <span class='ocrx_word' id='word_1_83' title='bbox 1007 1543 1097 1608; x_wconf 91' lang='lat' dir='ltr'>cuius</span> <span class='ocrx_word' id='word_1_84' title='bbox 1128 1543 1246 1608; x_wconf 89' lang='lat' dir='ltr'>scheda</span> <span class='ocrx_word' id='word_1_85' title='bbox 1268 1550 1358 1608; x_wconf 87' lang='lat' dir='ltr'>sexta</span> <span class='ocrx_word' id='word_1_86' title='bbox 1380 1565 1434 1609; x_wconf 86' lang='lat' dir='ltr'>cx·</span> 
     </span>
     <span class='ocr_line' id='line_1_11' title="bbox 323 1645 1432 1729; baseline 0.001 -18"><span class='ocrx_word' id='word_1_87' title='bbox 323 1647 388 1711; x_wconf 89' lang='lat' dir='ltr'>cisa</span> <span class='ocrx_word' id='word_1_88' title='bbox 410 1653 477 1710; x_wconf 89' lang='lat' dir='ltr'>est.</span> <span class='ocrx_word' id='word_1_89' title='bbox 494 1646 545 1710; x_wconf 92' lang='lat' dir='ltr'>hic</span> <span class='ocrx_word' id='word_1_90' title='bbox 566 1645 647 1709; x_wconf 91' lang='lat' dir='ltr'>liber</span> <span class='ocrx_word' id='word_1_91' title='bbox 670 1666 707 1710; x_wconf 89' lang='lat' dir='ltr'>eo</span> <span class='ocrx_word' id='word_1_92' title='bbox 727 1646 797 1729; x_wconf 90' lang='lat' dir='ltr'>ipso</span> <span class='ocrx_word' id='word_1_93' title='bbox 815 1667 878 1728; x_wconf 94' lang='lat' dir='ltr'>quo</span> <span class='ocrx_word' id='word_1_94' title='bbox 895 1645 1030 1728; x_wconf 89' lang='lat' dir='ltr'>scriptus</span> <span class='ocrx_word' id='word_1_95' title='bbox 1046 1651 1094 1710; x_wconf 92' lang='lat' dir='ltr'>est</span> <span class='ocrx_word' id='word_1_96' title='bbox 1107 1651 1249 1728; x_wconf 90' lang='lat' dir='ltr'>tempore</span> <span class='ocrx_word' id='word_1_97' title='bbox 1272 1666 1291 1710; x_wconf 89' lang='lat' dir='ltr'>a</span> <span class='ocrx_word' id='word_1_98' title='bbox 1307 1645 1432 1712; x_wconf 89' lang='lat' dir='ltr'>duobus</span> 
     </span>
     <span class='ocr_line' id='line_1_12' title="bbox 322 1747 1433 1825; baseline 0 -13"><span class='ocrx_word' id='word_1_99' title='bbox 322 1748 461 1812; x_wconf 90' lang='lat' dir='ltr'>librariis</span> <span class='ocrx_word' id='word_1_100' title='bbox 494 1753 653 1825; x_wconf 88' lang='lat' dir='ltr'>correctus</span> <span class='ocrx_word' id='word_1_101' title='bbox 688 1753 761 1812; x_wconf 90' lang='lat' dir='ltr'>est.</span> <span class='ocrx_word' id='word_1_102' title='bbox 785 1768 893 1812; x_wconf 89' lang='lat' dir='ltr'>eorum</span> <span class='ocrx_word' id='word_1_103' title='bbox 928 1769 1209 1810; x_wconf 77' lang='lat' dir='ltr'>consacroauu</span> <span class='ocrx_word' id='word_1_104' title='bbox 1243 1747 1323 1811; x_wconf 89' lang='lat' dir='ltr'>alter</span> <span class='ocrx_word' id='word_1_105' title='bbox 1356 1748 1433 1812; x_wconf 86' lang='lat' dir='ltr'>scri-</span> 
     </span>
     <span class='ocr_line' id='line_1_13' title="bbox 321 1848 1433 1931; baseline 0.001 -18"><span class='ocrx_word' id='word_1_106' title='bbox 321 1849 419 1913; x_wconf 90' lang='lat' dir='ltr'>bendi</span> <span class='ocrx_word' id='word_1_107' title='bbox 441 1869 559 1930; x_wconf 85' lang='lat' dir='ltr'>genere</span> <span class='ocrx_word' id='word_1_108' title='bbox 575 1848 734 1913; x_wconf 74' lang='lat' dir='ltr'>Saronico</span> <span class='ocrx_word' id='word_1_109' title='bbox 756 1869 834 1914; x_wconf 87' lang='lat' dir='ltr'>usus</span> <span class='ocrx_word' id='word_1_110' title='bbox 851 1849 1010 1931; x_wconf 87' lang='lat' dir='ltr'>supplevit</span> <span class='ocrx_word' id='word_1_111' title='bbox 1023 1869 1135 1913; x_wconf 86' lang='lat' dir='ltr'>versus</span> <span class='ocrx_word' id='word_1_112' title='bbox 1151 1871 1171 1913; x_wconf 88' lang='lat' dir='ltr'>a</span> <span class='ocrx_word' id='word_1_113' title='bbox 1186 1850 1352 1913; x_wconf 86' lang='lat' dir='ltr'>Franoone</span> <span class='ocrx_word' id='word_1_114' title='bbox 1374 1869 1433 1931; x_wconf 91' lang='lat' dir='ltr'>per</span> 
     </span>
     <span class='ocr_line' id='line_1_14' title="bbox 322 1950 1477 2056; baseline 0.002 -42"><span class='ocrx_word' id='word_1_115' title='bbox 322 1950 559 2031; x_wconf 86' lang='lat' dir='ltr'>neglegentiam</span> <span class='ocrx_word' id='word_1_116' title='bbox 583 1950 737 2029; x_wconf 86' lang='lat' dir='ltr'>omissos,</span> <span class='ocrx_word' id='word_1_117' title='bbox 760 1951 805 2014; x_wconf 89' lang='lat' dir='ltr'>ita</span> <span class='ocrx_word' id='word_1_118' title='bbox 828 1950 956 2033; x_wconf 90' lang='lat' dir='ltr'>quidem</span> <span class='ocrx_word' id='word_1_119' title='bbox 982 1958 1017 2015; x_wconf 93' lang='lat' dir='ltr'>ut</span> <span class='ocrx_word' id='word_1_120' title='bbox 1038 1951 1143 2033; x_wconf 91' lang='lat' dir='ltr'>priore</span> <span class='ocrx_word' id='word_1_121' title='bbox 1170 1950 1327 2056; x_wconf 66' lang='lat' dir='ltr'>scriptura⁴</span> <span class='ocrx_word' id='word_1_122' title='bbox 1347 1952 1433 2016; x_wconf 87' lang='lat' dir='ltr'>eluta</span> <span class='ocrx_word' id='word_1_123' title='bbox 1472 1965 1477 1974; x_wconf 91' lang='lat'><em>&#39;</em></span> 
     </span>
     <span class='ocr_line' id='line_1_15' title="bbox 321 2051 1433 2135; baseline 0.002 -18"><span class='ocrx_word' id='word_1_124' title='bbox 321 2073 471 2117; x_wconf 88' lang='lat' dir='ltr'>versuum</span> <span class='ocrx_word' id='word_1_125' title='bbox 488 2053 592 2135; x_wconf 90' lang='lat' dir='ltr'>spatia</span> <span class='ocrx_word' id='word_1_126' title='bbox 614 2072 679 2115; x_wconf 92' lang='lat' dir='ltr'>non</span> <span class='ocrx_word' id='word_1_127' title='bbox 694 2052 788 2116; x_wconf 89' lang='lat' dir='ltr'>nimis</span> <span class='ocrx_word' id='word_1_128' title='bbox 804 2058 943 2134; x_wconf 88' lang='lat' dir='ltr'>angusta</span> <span class='ocrx_word' id='word_1_129' title='bbox 963 2052 1100 2117; x_wconf 83' lang='lat' dir='ltr'>laceret.</span> <span class='ocrx_word' id='word_1_130' title='bbox 1116 2051 1167 2114; x_wconf 90' lang='lat' dir='ltr'>hic</span> <span class='ocrx_word' id='word_1_131' title='bbox 1186 2051 1269 2114; x_wconf 81' lang='lat' dir='ltr'>Saxo</span> <span class='ocrx_word' id='word_1_132' title='bbox 1283 2102 1291 2129; x_wconf 79' lang='lat'><strong><em>,</em></strong></span> <span class='ocrx_word' id='word_1_133' title='bbox 1307 2058 1433 2135; x_wconf 87' lang='lat' dir='ltr'>praeter</span> 
     </span>
     <span class='ocr_line' id='line_1_16' title="bbox 322 2139 1491 2237; baseline 0.004 -20"><span class='ocrx_word' id='word_1_134' title='bbox 322 2174 417 2235; x_wconf 88' lang='lat' dir='ltr'>quam</span> <span class='ocrx_word' id='word_1_135' title='bbox 446 2154 531 2235; x_wconf 91' lang='lat' dir='ltr'>quod</span> <span class='ocrx_word' id='word_1_136' title='bbox 559 2180 574 2218; x_wconf 83' lang='lat' dir='ltr'>e</span> <span class='ocrx_word' id='word_1_137' title='bbox 597 2153 720 2218; x_wconf 89' lang='lat' dir='ltr'>litterae</span> <span class='ocrx_word' id='word_1_138' title='bbox 750 2155 937 2237; x_wconf 90' lang='lat' dir='ltr'>plerumque</span> <span class='ocrx_word' id='word_1_139' title='bbox 965 2155 1099 2218; x_wconf 89' lang='lat' dir='ltr'>caudam</span> <span class='ocrx_word' id='word_1_140' title='bbox 1130 2153 1310 2231; x_wconf 83' lang='lat' dir='ltr'>subiunxit,</span> <span class='ocrx_word' id='word_1_141' title='bbox 1333 2161 1368 2218; x_wconf 94' lang='lat' dir='ltr'>ut</span> <span class='ocrx_word' id='word_1_142' title='bbox 1394 2181 1432 2222; x_wconf 82' lang='lat' dir='ltr'>aa</span> <span class='ocrx_word' id='word_1_143' title='bbox 1487 2139 1491 2148; x_wconf 42' lang='lat'>⁸</span> 
     </span>
     <span class='ocr_line' id='line_1_17' title="bbox 321 2254 1432 2340; baseline 0.005 -23"><span class='ocrx_word' id='word_1_144' title='bbox 321 2255 433 2334; x_wconf 88' lang='lat' dir='ltr'>fieret,</span> <span class='ocrx_word' id='word_1_145' title='bbox 464 2276 527 2320; x_wconf 90' lang='lat' dir='ltr'>non</span> <span class='ocrx_word' id='word_1_146' title='bbox 550 2256 649 2318; x_wconf 90' lang='lat' dir='ltr'>multa</span> <span class='ocrx_word' id='word_1_147' title='bbox 671 2256 832 2319; x_wconf 84' lang='lat' dir='ltr'>correxit.</span> <span class='ocrx_word' id='word_1_148' title='bbox 856 2257 937 2320; x_wconf 86' lang='lat' dir='ltr'>alter</span> <span class='ocrx_word' id='word_1_149' title='bbox 959 2264 1031 2340; x_wconf 92' lang='lat' dir='ltr'>post</span> <span class='ocrx_word' id='word_1_150' title='bbox 1053 2276 1124 2320; x_wconf 91' lang='lat' dir='ltr'>eum</span> <span class='ocrx_word' id='word_1_151' title='bbox 1148 2254 1294 2331; x_wconf 88' lang='lat' dir='ltr'>(namin</span> <span class='ocrx_word' id='word_1_152' title='bbox 1316 2256 1397 2321; x_wconf 92' lang='lat' dir='ltr'>libro</span> <span class='ocrx_word' id='word_1_153' title='bbox 1419 2280 1432 2321; x_wconf 93' lang='lat'>1</span> 
     </span>
     <span class='ocr_line' id='line_1_18' title="bbox 321 2357 1432 2442; baseline 0.001 -20"><span class='ocrx_word' id='word_1_154' title='bbox 321 2378 393 2422; x_wconf 92' lang='lat' dir='ltr'>cum</span> <span class='ocrx_word' id='word_1_155' title='bbox 415 2358 500 2422; x_wconf 84' lang='lat' dir='ltr'>Saxo</span> <span class='ocrx_word' id='word_1_156' title='bbox 527 2357 561 2420; x_wconf 90' lang='lat' dir='ltr'>in</span> <span class='ocrx_word' id='word_1_157' title='bbox 584 2357 678 2420; x_wconf 87' lang='lat' dir='ltr'>litura</span> <span class='ocrx_word' id='word_1_158' title='bbox 699 2377 810 2422; x_wconf 90' lang='lat' dir='ltr'>versus</span> <span class='ocrx_word' id='word_1_159' title='bbox 832 2359 927 2423; x_wconf 90' lang='lat' dir='ltr'>unius</span> <span class='ocrx_word' id='word_1_160' title='bbox 951 2358 1131 2442; x_wconf 89' lang='lat' dir='ltr'>scripsisset</span> <span class='ocrx_word' id='word_1_161' title='bbox 1149 2362 1213 2425; x_wconf 78' lang='lat'>549</span> <span class='ocrx_word' id='word_1_162' title='bbox 1236 2364 1267 2420; x_wconf 88' lang='lat' dir='ltr'>et</span> <span class='ocrx_word' id='word_1_163' title='bbox 1281 2366 1365 2437; x_wconf 73' lang='lat'>550,</span> <span class='ocrx_word' id='word_1_164' title='bbox 1381 2360 1432 2424; x_wconf 92' lang='lat' dir='ltr'>hic</span> 
     </span>
     <span class='ocr_line' id='line_1_19' title="bbox 321 2458 1430 2546; baseline 0.004 -24"><span class='ocrx_word' id='word_1_165' title='bbox 321 2461 403 2524; x_wconf 88' lang='lat' dir='ltr'>alter</span> <span class='ocrx_word' id='word_1_166' title='bbox 423 2459 565 2524; x_wconf 90' lang='lat' dir='ltr'>ultimam</span> <span class='ocrx_word' id='word_1_167' title='bbox 587 2459 620 2522; x_wconf 93' lang='lat' dir='ltr'>in</span> <span class='ocrx_word' id='word_1_168' title='bbox 643 2485 796 2546; x_wconf 73' lang='lat' dir='ltr'>reponare</span> <span class='ocrx_word' id='word_1_169' title='bbox 816 2460 953 2525; x_wconf 86' lang='lat' dir='ltr'>litteram</span> <span class='ocrx_word' id='word_1_170' title='bbox 976 2461 1009 2524; x_wconf 92' lang='lat' dir='ltr'>in</span> <span class='ocrx_word' id='word_1_171' title='bbox 1031 2465 1047 2524; x_wconf 81' lang='lat' dir='ltr'>i</span> <span class='ocrx_word' id='word_1_172' title='bbox 1065 2458 1214 2536; x_wconf 85' lang='lat' dir='ltr'>mutavit)</span> <span class='ocrx_word' id='word_1_173' title='bbox 1237 2459 1317 2524; x_wconf 87' lang='lat' dir='ltr'>locis</span> <span class='ocrx_word' id='word_1_174' title='bbox 1338 2461 1430 2526; x_wconf 90' lang='lat' dir='ltr'>innu-</span> 
     </span>
     <span class='ocr_line' id='line_1_20' title="bbox 320 2559 1431 2644; baseline 0.002 -20"><span class='ocrx_word' id='word_1_175' title='bbox 320 2562 417 2626; x_wconf 89' lang='lat' dir='ltr'>meris</span> <span class='ocrx_word' id='word_1_176' title='bbox 436 2561 557 2625; x_wconf 87' lang='lat' dir='ltr'>litteras</span> <span class='ocrx_word' id='word_1_177' title='bbox 580 2566 611 2624; x_wconf 94' lang='lat' dir='ltr'>et</span> <span class='ocrx_word' id='word_1_178' title='bbox 625 2561 782 2624; x_wconf 86' lang='lat' dir='ltr'>vocabula</span> <span class='ocrx_word' id='word_1_179' title='bbox 807 2563 858 2626; x_wconf 90' lang='lat' dir='ltr'>vel</span> <span class='ocrx_word' id='word_1_180' title='bbox 874 2562 1055 2628; x_wconf 89' lang='lat' dir='ltr'>emendavit</span> <span class='ocrx_word' id='word_1_181' title='bbox 1077 2561 1128 2624; x_wconf 91' lang='lat' dir='ltr'>vel</span> <span class='ocrx_word' id='word_1_182' title='bbox 1143 2559 1301 2644; x_wconf 84' lang='lat' dir='ltr'>corrupit,</span> <span class='ocrx_word' id='word_1_183' title='bbox 1317 2562 1431 2644; x_wconf 87' lang='lat' dir='ltr'>partim</span> 
     </span>
     <span class='ocr_line' id='line_1_21' title="bbox 320 2661 1430 2744; baseline 0.002 -18"><span class='ocrx_word' id='word_1_184' title='bbox 320 2663 361 2727; x_wconf 90' lang='lat' dir='ltr'>de</span> <span class='ocrx_word' id='word_1_185' title='bbox 384 2662 584 2740; x_wconf 87' lang='lat' dir='ltr'>coniectura,</span> <span class='ocrx_word' id='word_1_186' title='bbox 608 2661 673 2724; x_wconf 87' lang='lat' dir='ltr'>alia</span> <span class='ocrx_word' id='word_1_187' title='bbox 696 2682 734 2726; x_wconf 85' lang='lat' dir='ltr'>ex</span> <span class='ocrx_word' id='word_1_188' title='bbox 758 2662 871 2728; x_wconf 91' lang='lat' dir='ltr'>eodem</span> <span class='ocrx_word' id='word_1_189' title='bbox 893 2665 949 2727; x_wconf 94' lang='lat' dir='ltr'>illo</span> <span class='ocrx_word' id='word_1_190' title='bbox 972 2661 1191 2744; x_wconf 91' lang='lat' dir='ltr'>antiquissimo</span> <span class='ocrx_word' id='word_1_191' title='bbox 1216 2661 1345 2737; x_wconf 83' lang='lat' dir='ltr'>codice,</span> <span class='ocrx_word' id='word_1_192' title='bbox 1367 2683 1430 2744; x_wconf 94' lang='lat' dir='ltr'>quo</span> 
     </span>
     <span class='ocr_line' id='line_1_22' title="bbox 320 2762 1430 2850; baseline -0.001 -23"><span class='ocrx_word' id='word_1_193' title='bbox 320 2765 404 2828; x_wconf 89' lang='lat' dir='ltr'>hunc</span> <span class='ocrx_word' id='word_1_194' title='bbox 427 2783 554 2846; x_wconf 90' lang='lat' dir='ltr'>quoque</span> <span class='ocrx_word' id='word_1_195' title='bbox 577 2783 670 2827; x_wconf 92' lang='lat' dir='ltr'>usum</span> <span class='ocrx_word' id='word_1_196' title='bbox 694 2782 764 2827; x_wconf 86' lang='lat' dir='ltr'>esse</span> <span class='ocrx_word' id='word_1_197' title='bbox 792 2783 831 2827; x_wconf 86' lang='lat' dir='ltr'>ex</span> <span class='ocrx_word' id='word_1_198' title='bbox 853 2766 893 2831; x_wconf 92' lang='lat' dir='ltr'>iis</span> <span class='ocrx_word' id='word_1_199' title='bbox 908 2771 1042 2850; x_wconf 90' lang='lat' dir='ltr'>apparet</span> <span class='ocrx_word' id='word_1_200' title='bbox 1064 2784 1146 2845; x_wconf 89' lang='lat' dir='ltr'>quae</span> <span class='ocrx_word' id='word_1_201' title='bbox 1169 2770 1223 2827; x_wconf 91' lang='lat' dir='ltr'>aut</span> <span class='ocrx_word' id='word_1_202' title='bbox 1237 2762 1430 2828; x_wconf 88' lang='lat' dir='ltr'>intellectum</span> 
     </span>
     <span class='ocr_line' id='line_1_23' title="bbox 320 2858 1430 2950; baseline -0.002 -20"><span class='ocrx_word' id='word_1_203' title='bbox 320 2885 385 2930; x_wconf 88' lang='lat' dir='ltr'>non</span> <span class='ocrx_word' id='word_1_204' title='bbox 400 2867 520 2931; x_wconf 89' lang='lat' dir='ltr'>habent</span> <span class='ocrx_word' id='word_1_205' title='bbox 541 2870 597 2929; x_wconf 90' lang='lat' dir='ltr'>aut</span> <span class='ocrx_word' id='word_1_206' title='bbox 612 2863 724 2928; x_wconf 90' lang='lat' dir='ltr'>eodem</span> <span class='ocrx_word' id='word_1_207' title='bbox 747 2858 841 2929; x_wconf 85' lang='lat' dir='ltr'>modo</span> <span class='ocrx_word' id='word_1_208' title='bbox 864 2868 899 2931; x_wconf 88' lang='lat' dir='ltr'>in</span> <span class='ocrx_word' id='word_1_209' title='bbox 915 2866 1089 2950; x_wconf 85' lang='lat' dir='ltr'>exemplari</span> <span class='ocrx_word' id='word_1_210' title='bbox 1112 2864 1287 2946; x_wconf 82' lang='lat' dir='ltr'>quadrato,</span> <span class='ocrx_word' id='word_1_211' title='bbox 1304 2862 1344 2928; x_wconf 90' lang='lat' dir='ltr'>de</span> <span class='ocrx_word' id='word_1_212' title='bbox 1367 2884 1430 2946; x_wconf 93' lang='lat' dir='ltr'>quo</span> 
     </span>
     <span class='ocr_line' id='line_1_24' title="bbox 319 2965 840 3049; baseline -0.002 -18"><span class='ocrx_word' id='word_1_213' title='bbox 319 2965 405 3031; x_wconf 81' lang='lat' dir='ltr'>infra</span> <span class='ocrx_word' id='word_1_214' title='bbox 427 2966 551 3044; x_wconf 83' lang='lat' dir='ltr'>dicam,</span> <span class='ocrx_word' id='word_1_215' title='bbox 575 2966 692 3049; x_wconf 88' lang='lat' dir='ltr'>scripta</span> <span class='ocrx_word' id='word_1_216' title='bbox 714 2971 840 3030; x_wconf 86' lang='lat' dir='ltr'>extant.</span> 
     </span>
    </p>

    <p class='ocr_par' dir='ltr' id='par_1_3' title="bbox 317 3066 1490 4802">
     <span class='ocr_line' id='line_1_25' title="bbox 405 3066 1430 3154; baseline 0 -22"><span class='ocrx_word' id='word_1_217' title='bbox 405 3068 547 3133; x_wconf 84' lang='lat' dir='ltr'>Alterum</span> <span class='ocrx_word' id='word_1_218' title='bbox 575 3068 647 3132; x_wconf 89' lang='lat' dir='ltr'>libri</span> <span class='ocrx_word' id='word_1_219' title='bbox 676 3066 888 3147; x_wconf 88' lang='lat' dir='ltr'>antiquissimi</span> <span class='ocrx_word' id='word_1_220' title='bbox 910 3070 1129 3154; x_wconf 88' lang='lat' dir='ltr'>apographum</span> <span class='ocrx_word' id='word_1_221' title='bbox 1156 3068 1190 3130; x_wconf 93' lang='lat' dir='ltr'>in</span> <span class='ocrx_word' id='word_1_222' title='bbox 1219 3068 1341 3132; x_wconf 87' lang='lat' dir='ltr'>Italiam</span> <span class='ocrx_word' id='word_1_223' title='bbox 1368 3074 1430 3132; x_wconf 89' lang='lat' dir='ltr'>tra-</span> 
     </span>
     <span class='ocr_line' id='line_1_26' title="bbox 318 3170 1429 3255; baseline -0.004 -18"><span class='ocrx_word' id='word_1_224' title='bbox 318 3177 444 3236; x_wconf 88' lang='lat' dir='ltr'>vectum</span> <span class='ocrx_word' id='word_1_225' title='bbox 467 3176 541 3249; x_wconf 89' lang='lat' dir='ltr'>est;</span> <span class='ocrx_word' id='word_1_226' title='bbox 570 3189 652 3252; x_wconf 89' lang='lat' dir='ltr'>quae</span> <span class='ocrx_word' id='word_1_227' title='bbox 680 3170 795 3252; x_wconf 89' lang='lat' dir='ltr'>quibus</span> <span class='ocrx_word' id='word_1_228' title='bbox 823 3172 986 3237; x_wconf 90' lang='lat' dir='ltr'>codicibus</span> <span class='ocrx_word' id='word_1_229' title='bbox 1013 3190 1070 3255; x_wconf 93' lang='lat' dir='ltr'>per</span> <span class='ocrx_word' id='word_1_230' title='bbox 1098 3171 1259 3235; x_wconf 89' lang='lat' dir='ltr'>saeculum</span> <span class='ocrx_word' id='word_1_231' title='bbox 1287 3170 1429 3251; x_wconf 91' lang='lat' dir='ltr'>quintum</span> 
     </span>
     <span class='ocr_line' id='line_1_27' title="bbox 319 3272 1429 3356; baseline 0 -20"><span class='ocrx_word' id='word_1_232' title='bbox 319 3273 478 3336; x_wconf 90' lang='lat' dir='ltr'>decimum</span> <span class='ocrx_word' id='word_1_233' title='bbox 500 3293 560 3336; x_wconf 89' lang='lat' dir='ltr'>usa</span> <span class='ocrx_word' id='word_1_234' title='bbox 583 3279 650 3351; x_wconf 80' lang='lat' dir='ltr'>est,</span> <span class='ocrx_word' id='word_1_235' title='bbox 681 3293 737 3337; x_wconf 91' lang='lat' dir='ltr'>eos</span> <span class='ocrx_word' id='word_1_236' title='bbox 761 3294 871 3339; x_wconf 90' lang='lat' dir='ltr'>omnes</span> <span class='ocrx_word' id='word_1_237' title='bbox 894 3275 1005 3339; x_wconf 89' lang='lat' dir='ltr'>habuit</span> <span class='ocrx_word' id='word_1_238' title='bbox 1027 3272 1140 3336; x_wconf 90' lang='lat' dir='ltr'>eodem</span> <span class='ocrx_word' id='word_1_239' title='bbox 1163 3272 1309 3355; x_wconf 84' lang='lat' dir='ltr'>exemplo</span> <span class='ocrx_word' id='word_1_240' title='bbox 1332 3272 1429 3356; x_wconf 88' lang='lat' dir='ltr'>scrip·</span> 
     </span>
     <span class='ocr_line' id='line_1_28' title="bbox 318 3373 1429 3462; baseline 0 -24"><span class='ocrx_word' id='word_1_241' title='bbox 318 3380 389 3451; x_wconf 85' lang='lat' dir='ltr'>tos,</span> <span class='ocrx_word' id='word_1_242' title='bbox 413 3373 552 3456; x_wconf 89' lang='lat' dir='ltr'>oblongo</span> <span class='ocrx_word' id='word_1_243' title='bbox 575 3380 684 3438; x_wconf 90' lang='lat' dir='ltr'>nostro</span> <span class='ocrx_word' id='word_1_244' title='bbox 708 3376 748 3439; x_wconf 87' lang='lat' dir='ltr'>ab</span> <span class='ocrx_word' id='word_1_245' title='bbox 773 3377 858 3441; x_wconf 90' lang='lat' dir='ltr'>omni</span> <span class='ocrx_word' id='word_1_246' title='bbox 880 3384 970 3462; x_wconf 90' lang='lat' dir='ltr'>parte</span> <span class='ocrx_word' id='word_1_247' title='bbox 993 3374 1171 3441; x_wconf 91' lang='lat' dir='ltr'>simillimos</span> <span class='ocrx_word' id='word_1_248' title='bbox 1197 3394 1302 3456; x_wconf 88' lang='lat' dir='ltr'>neque</span> <span class='ocrx_word' id='word_1_249' title='bbox 1324 3380 1429 3439; x_wconf 89' lang='lat' dir='ltr'>tamen</span> 
     </span>
     <span class='ocr_line' id='line_1_29' title="bbox 320 3476 1431 3559; baseline -0.002 -18"><span class='ocrx_word' id='word_1_250' title='bbox 320 3496 361 3541; x_wconf 87' lang='lat' dir='ltr'>ex</span> <span class='ocrx_word' id='word_1_251' title='bbox 391 3476 530 3557; x_wconf 88' lang='lat' dir='ltr'>oblongo</span> <span class='ocrx_word' id='word_1_252' title='bbox 560 3477 693 3542; x_wconf 90' lang='lat' dir='ltr'>ductos:</span> <span class='ocrx_word' id='word_1_253' title='bbox 714 3477 887 3559; x_wconf 89' lang='lat' dir='ltr'>aliquando</span> <span class='ocrx_word' id='word_1_254' title='bbox 917 3479 1000 3544; x_wconf 91' lang='lat' dir='ltr'>enim</span> <span class='ocrx_word' id='word_1_255' title='bbox 1028 3477 1068 3542; x_wconf 89' lang='lat' dir='ltr'>ab</span> <span class='ocrx_word' id='word_1_256' title='bbox 1098 3478 1158 3541; x_wconf 92' lang='lat' dir='ltr'>hoc</span> <span class='ocrx_word' id='word_1_257' title='bbox 1187 3476 1376 3542; x_wconf 89' lang='lat' dir='ltr'>dissentiunt</span> <span class='ocrx_word' id='word_1_258' title='bbox 1398 3481 1431 3541; x_wconf 93' lang='lat' dir='ltr'>et</span> 
     </span>
     <span class='ocr_line' id='line_1_30' title="bbox 319 3578 1430 3663; baseline -0.003 -20"><span class='ocrx_word' id='word_1_259' title='bbox 319 3600 391 3643; x_wconf 90' lang='lat' dir='ltr'>cum</span> <span class='ocrx_word' id='word_1_260' title='bbox 421 3579 575 3660; x_wconf 86' lang='lat' dir='ltr'>quadrato</span> <span class='ocrx_word' id='word_1_261' title='bbox 604 3578 744 3658; x_wconf 86' lang='lat' dir='ltr'>faciunt,</span> <span class='ocrx_word' id='word_1_262' title='bbox 766 3580 862 3663; x_wconf 88' lang='lat' dir='ltr'>idque</span> <span class='ocrx_word' id='word_1_263' title='bbox 890 3581 923 3645; x_wconf 93' lang='lat' dir='ltr'>in</span> <span class='ocrx_word' id='word_1_264' title='bbox 950 3581 990 3646; x_wconf 93' lang='lat' dir='ltr'>iis</span> <span class='ocrx_word' id='word_1_265' title='bbox 1017 3581 1113 3645; x_wconf 87' lang='lat' dir='ltr'>rebus</span> <span class='ocrx_word' id='word_1_266' title='bbox 1142 3598 1222 3661; x_wconf 89' lang='lat' dir='ltr'>quas</span> <span class='ocrx_word' id='word_1_267' title='bbox 1249 3578 1430 3643; x_wconf 89' lang='lat' dir='ltr'>coniectura</span> 
     </span>
     <span class='ocr_line' id='line_1_31' title="bbox 319 3677 1429 3766; baseline -0.005 -21"><span class='ocrx_word' id='word_1_268' title='bbox 319 3680 454 3761; x_wconf 90' lang='lat' dir='ltr'>adsequi</span> <span class='ocrx_word' id='word_1_269' title='bbox 482 3700 575 3744; x_wconf 88' lang='lat' dir='ltr'>nemo</span> <span class='ocrx_word' id='word_1_270' title='bbox 602 3681 727 3766; x_wconf 92' lang='lat' dir='ltr'>potuit.</span> <span class='ocrx_word' id='word_1_271' title='bbox 758 3683 869 3747; x_wconf 92' lang='lat' dir='ltr'>horum</span> <span class='ocrx_word' id='word_1_272' title='bbox 900 3683 1043 3748; x_wconf 90' lang='lat' dir='ltr'>codicum</span> <span class='ocrx_word' id='word_1_273' title='bbox 1074 3702 1171 3757; x_wconf 76' lang='lat' dir='ltr'>eum,</span> <span class='ocrx_word' id='word_1_274' title='bbox 1196 3700 1213 3744; x_wconf 91' lang='lat' dir='ltr'>e</span> <span class='ocrx_word' id='word_1_275' title='bbox 1242 3699 1304 3761; x_wconf 92' lang='lat' dir='ltr'>quo</span> <span class='ocrx_word' id='word_1_276' title='bbox 1333 3677 1429 3741; x_wconf 87' lang='lat' dir='ltr'>ceteri</span> 
     </span>
     <span class='ocr_line' id='line_1_32' title="bbox 319 3778 1430 3866; baseline -0.004 -20"><span class='ocrx_word' id='word_1_277' title='bbox 319 3781 453 3846; x_wconf 88' lang='lat' dir='ltr'>derivati</span> <span class='ocrx_word' id='word_1_278' title='bbox 476 3788 570 3861; x_wconf 88' lang='lat' dir='ltr'>sunt,</span> <span class='ocrx_word' id='word_1_279' title='bbox 593 3784 751 3866; x_wconf 89' lang='lat' dir='ltr'>aPoggio</span> <span class='ocrx_word' id='word_1_280' title='bbox 767 3785 950 3850; x_wconf 86' lang='lat' dir='ltr'>Florentino</span> <span class='ocrx_word' id='word_1_281' title='bbox 968 3805 985 3850; x_wconf 94' lang='lat' dir='ltr'>e</span> <span class='ocrx_word' id='word_1_282' title='bbox 1001 3783 1175 3849; x_wconf 82' lang='lat' dir='ltr'>Germania</span> <span class='ocrx_word' id='word_1_283' title='bbox 1190 3782 1319 3845; x_wconf 88' lang='lat' dir='ltr'>allatum</span> <span class='ocrx_word' id='word_1_284' title='bbox 1336 3778 1430 3843; x_wconf 87' lang='lat' dir='ltr'>adfir-</span> 
     </span>
     <span class='ocr_line' id='line_1_33' title="bbox 318 3883 1429 3971; baseline -0.002 -23"><span class='ocrx_word' id='word_1_285' title='bbox 318 3903 438 3948; x_wconf 90' lang='lat' dir='ltr'>marem</span> <span class='ocrx_word' id='word_1_286' title='bbox 462 3889 552 3964; x_wconf 88' lang='lat' dir='ltr'>(nam</span> <span class='ocrx_word' id='word_1_287' title='bbox 576 3893 648 3951; x_wconf 88' lang='lat' dir='ltr'>ante</span> <span class='ocrx_word' id='word_1_288' title='bbox 671 3886 765 3951; x_wconf 91' lang='lat' dir='ltr'>huius</span> <span class='ocrx_word' id='word_1_289' title='bbox 781 3893 925 3971; x_wconf 89' lang='lat' dir='ltr'>tempora</span> <span class='ocrx_word' id='word_1_290' title='bbox 939 3889 1061 3950; x_wconf 89' lang='lat' dir='ltr'>Dantes</span> <span class='ocrx_word' id='word_1_291' title='bbox 1075 3935 1082 3962; x_wconf 77' lang='lat'><strong><em>‚</em></strong></span> <span class='ocrx_word' id='word_1_292' title='bbox 1098 3883 1288 3960; x_wconf 89' lang='lat' dir='ltr'>Petrarcha,</span> <span class='ocrx_word' id='word_1_293' title='bbox 1311 3883 1429 3946; x_wconf 87' lang='lat' dir='ltr'>Bocca-</span> 
     </span>
     <span class='ocr_line' id='line_1_34' title="bbox 318 3985 1430 4067; baseline -0.002 -17"><span class='ocrx_word' id='word_1_294' title='bbox 318 3986 408 4065; x_wconf 87' lang='lat' dir='ltr'>oius‚</span> <span class='ocrx_word' id='word_1_295' title='bbox 431 3987 494 4051; x_wconf 90' lang='lat' dir='ltr'>nisi</span> <span class='ocrx_word' id='word_1_296' title='bbox 515 3987 629 4067; x_wconf 81' lang='lat' dir='ltr'>fallor,</span> <span class='ocrx_word' id='word_1_297' title='bbox 650 3989 789 4054; x_wconf 91' lang='lat' dir='ltr'>Lucretii</span> <span class='ocrx_word' id='word_1_298' title='bbox 811 3986 1003 4055; x_wconf 90' lang='lat' dir='ltr'>mentionem</span> <span class='ocrx_word' id='word_1_299' title='bbox 1025 3987 1167 4051; x_wconf 87' lang='lat' dir='ltr'>fecerunt</span> <span class='ocrx_word' id='word_1_300' title='bbox 1188 3986 1328 4063; x_wconf 89' lang='lat' dir='ltr'>nullam,</span> <span class='ocrx_word' id='word_1_301' title='bbox 1353 3985 1430 4049; x_wconf 86' lang='lat' dir='ltr'>Gul-</span> 
     </span>
     <span class='ocr_line' id='line_1_35' title="bbox 317 4087 1429 4178; baseline -0.003 -25"><span class='ocrx_word' id='word_1_302' title='bbox 317 4089 433 4154; x_wconf 89' lang='lat' dir='ltr'>ielmus</span> <span class='ocrx_word' id='word_1_303' title='bbox 448 4091 693 4172; x_wconf 88' lang='lat' dir='ltr'>Pastrengicus‚</span> <span class='ocrx_word' id='word_1_304' title='bbox 717 4090 778 4155; x_wconf 92' lang='lat' dir='ltr'>nisi</span> <span class='ocrx_word' id='word_1_305' title='bbox 804 4091 890 4172; x_wconf 90' lang='lat' dir='ltr'>quod</span> <span class='ocrx_word' id='word_1_306' title='bbox 899 4104 1026 4178; x_wconf 73' lang='lat' dir='ltr'>poetam</span> <span class='ocrx_word' id='word_1_307' title='bbox 1041 4093 1191 4153; x_wconf 81' lang='lat' dir='ltr'>comicum</span> <span class='ocrx_word' id='word_1_308' title='bbox 1206 4087 1301 4163; x_wconf 88' lang='lat' dir='ltr'>dicit,</span> <span class='ocrx_word' id='word_1_309' title='bbox 1317 4087 1429 4151; x_wconf 91' lang='lat' dir='ltr'>Hiero-</span> 
     </span>
     <span class='ocr_line' id='line_1_36' title="bbox 317 4189 1428 4275; baseline -0.003 -20"><span class='ocrx_word' id='word_1_310' title='bbox 317 4192 407 4275; x_wconf 90' lang='lat' dir='ltr'>nymi</span> <span class='ocrx_word' id='word_1_311' title='bbox 429 4193 599 4258; x_wconf 89' lang='lat' dir='ltr'>chronicon</span> <span class='ocrx_word' id='word_1_312' title='bbox 622 4193 803 4275; x_wconf 77' lang='lat' dir='ltr'>sequitur),</span> <span class='ocrx_word' id='word_1_313' title='bbox 826 4194 888 4257; x_wconf 89' lang='lat' dir='ltr'>nisi</span> <span class='ocrx_word' id='word_1_314' title='bbox 911 4193 1054 4275; x_wconf 89' lang='lat' dir='ltr'>Poggius</span> <span class='ocrx_word' id='word_1_315' title='bbox 1080 4191 1149 4275; x_wconf 89' lang='lat' dir='ltr'>ipse</span> <span class='ocrx_word' id='word_1_316' title='bbox 1175 4190 1208 4254; x_wconf 90' lang='lat' dir='ltr'>in</span> <span class='ocrx_word' id='word_1_317' title='bbox 1231 4190 1373 4254; x_wconf 88' lang='lat' dir='ltr'>oratione</span> <span class='ocrx_word' id='word_1_318' title='bbox 1395 4189 1428 4251; x_wconf 91' lang='lat' dir='ltr'>in</span> 
     </span>
     <span class='ocr_line' id='line_1_37' title="bbox 317 4290 1428 4379; baseline -0.004 -21"><span class='ocrx_word' id='word_1_319' title='bbox 317 4294 430 4359; x_wconf 87' lang='lat' dir='ltr'>funere</span> <span class='ocrx_word' id='word_1_320' title='bbox 451 4296 575 4360; x_wconf 88' lang='lat' dir='ltr'>Nicolai</span> <span class='ocrx_word' id='word_1_321' title='bbox 598 4295 638 4359; x_wconf 90' lang='lat' dir='ltr'>de</span> <span class='ocrx_word' id='word_1_322' title='bbox 659 4295 781 4360; x_wconf 88' lang='lat' dir='ltr'>Nicolis</span> <span class='ocrx_word' id='word_1_323' title='bbox 804 4295 922 4379; x_wconf 88' lang='lat' dir='ltr'>scripta</span> <span class='ocrx_word' id='word_1_324' title='bbox 943 4296 1082 4376; x_wconf 90' lang='lat' dir='ltr'>itemque</span> <span class='ocrx_word' id='word_1_325' title='bbox 1109 4293 1142 4357; x_wconf 94' lang='lat' dir='ltr'>in</span> <span class='ocrx_word' id='word_1_326' title='bbox 1165 4291 1294 4373; x_wconf 89' lang='lat' dir='ltr'>dialogo</span> <span class='ocrx_word' id='word_1_327' title='bbox 1319 4290 1358 4355; x_wconf 89' lang='lat' dir='ltr'>de</span> <span class='ocrx_word' id='word_1_328' title='bbox 1381 4290 1428 4354; x_wconf 90' lang='lat' dir='ltr'>in-</span> 
     </span>
     <span class='ocr_line' id='line_1_38' title="bbox 317 4392 1428 4485; baseline -0.004 -25"><span class='ocrx_word' id='word_1_329' title='bbox 317 4396 467 4461; x_wconf 86' lang='lat' dir='ltr'>felicitate</span> <span class='ocrx_word' id='word_1_330' title='bbox 494 4397 671 4481; x_wconf 90' lang='lat' dir='ltr'>principum</span> <span class='ocrx_word' id='word_1_331' title='bbox 701 4418 736 4463; x_wconf 88' lang='lat' dir='ltr'>se</span> <span class='ocrx_word' id='word_1_332' title='bbox 765 4399 912 4463; x_wconf 78' lang='lat' dir='ltr'>Lucretii</span> <span class='ocrx_word' id='word_1_333' title='bbox 927 4413 1051 4485; x_wconf 78' lang='lat' dir='ltr'>portem</span> <span class='ocrx_word' id='word_1_334' title='bbox 1079 4396 1112 4459; x_wconf 92' lang='lat' dir='ltr'>in</span> <span class='ocrx_word' id='word_1_335' title='bbox 1145 4395 1247 4459; x_wconf 92' lang='lat' dir='ltr'>lucem</span> <span class='ocrx_word' id='word_1_336' title='bbox 1279 4392 1428 4458; x_wconf 85' lang='lat' dir='ltr'>extulisse</span> 
     </span>
     <span class='ocr_line' id='line_1_39' title="bbox 318 4497 1428 4582; baseline -0.006 -17"><span class='ocrx_word' id='word_1_337' title='bbox 318 4501 441 4565; x_wconf 89' lang='lat' dir='ltr'>diceret</span> <span class='ocrx_word' id='word_1_338' title='bbox 462 4518 564 4582; x_wconf 89' lang='lat' dir='ltr'>eoque</span> <span class='ocrx_word' id='word_1_339' title='bbox 591 4500 686 4564; x_wconf 90' lang='lat' dir='ltr'>modo</span> <span class='ocrx_word' id='word_1_340' title='bbox 709 4499 837 4564; x_wconf 89' lang='lat' dir='ltr'>laudem</span> <span class='ocrx_word' id='word_1_341' title='bbox 865 4501 906 4565; x_wconf 88' lang='lat' dir='ltr'>ab</span> <span class='ocrx_word' id='word_1_342' title='bbox 929 4501 1000 4564; x_wconf 88' lang='lat' dir='ltr'>aliis</span> <span class='ocrx_word' id='word_1_343' title='bbox 1028 4498 1089 4563; x_wconf 90' lang='lat' dir='ltr'>sibi</span> <span class='ocrx_word' id='word_1_344' title='bbox 1111 4497 1259 4560; x_wconf 89' lang='lat' dir='ltr'>tributam</span> <span class='ocrx_word' id='word_1_345' title='bbox 1280 4497 1351 4579; x_wconf 90' lang='lat' dir='ltr'>ipse</span> <span class='ocrx_word' id='word_1_346' title='bbox 1374 4512 1428 4558; x_wconf 84' lang='lat' dir='ltr'>cx·</span> 
     </span>
     <span class='ocr_line' id='line_1_40' title="bbox 318 4594 1428 4684; baseline -0.01 -16"><span class='ocrx_word' id='word_1_347' title='bbox 318 4612 451 4669; x_wconf 89' lang='lat' dir='ltr'>tenuare</span> <span class='ocrx_word' id='word_1_348' title='bbox 466 4603 646 4668; x_wconf 88' lang='lat' dir='ltr'>videretur.</span> <span class='ocrx_word' id='word_1_349' title='bbox 664 4623 856 4684; x_wconf 88' lang='lat' dir='ltr'>quamquam</span> <span class='ocrx_word' id='word_1_350' title='bbox 876 4623 989 4667; x_wconf 89' lang='lat' dir='ltr'>vereor</span> <span class='ocrx_word' id='word_1_351' title='bbox 1009 4622 1050 4666; x_wconf 88' lang='lat' dir='ltr'>nc</span> <span class='ocrx_word' id='word_1_352' title='bbox 1064 4600 1226 4682; x_wconf 85' lang='lat' dir='ltr'>Poggius,</span> <span class='ocrx_word' id='word_1_353' title='bbox 1242 4619 1312 4662; x_wconf 89' lang='lat' dir='ltr'>oum</span> <span class='ocrx_word' id='word_1_354' title='bbox 1334 4594 1428 4659; x_wconf 85' lang='lat' dir='ltr'>nimis</span> 
     </span>
     <span class='ocr_line' id='line_1_41' title="bbox 319 4697 1490 4802; baseline -0.006 -31"><span class='ocrx_word' id='word_1_355' title='bbox 319 4707 433 4773; x_wconf 90' lang='lat' dir='ltr'>doctus</span> <span class='ocrx_word' id='word_1_356' title='bbox 455 4725 526 4773; x_wconf 88' lang='lat' dir='ltr'>esse</span> <span class='ocrx_word' id='word_1_357' title='bbox 547 4705 663 4784; x_wconf 84' lang='lat' dir='ltr'>vellet,</span> <span class='ocrx_word' id='word_1_358' title='bbox 679 4705 749 4791; x_wconf 89' lang='lat' dir='ltr'>ipse</span> <span class='ocrx_word' id='word_1_359' title='bbox 772 4704 833 4770; x_wconf 92' lang='lat' dir='ltr'>sibi</span> <span class='ocrx_word' id='word_1_360' title='bbox 854 4703 964 4770; x_wconf 83' lang='lat' dir='ltr'>fecerit</span> <span class='ocrx_word' id='word_1_361' title='bbox 984 4702 1150 4771; x_wconf 84' lang='lat' dir='ltr'>iniuriam:</span> <span class='ocrx_word' id='word_1_362' title='bbox 1167 4722 1240 4766; x_wconf 86' lang='lat' dir='ltr'>nam</span> <span class='ocrx_word' id='word_1_363' title='bbox 1264 4718 1333 4765; x_wconf 90' lang='lat' dir='ltr'>oum</span> <span class='ocrx_word' id='word_1_364' title='bbox 1349 4697 1428 4802; x_wconf 77' lang='lat' dir='ltr'>Var·</span> <span class='ocrx_word' id='word_1_365' title='bbox 1486 4782 1490 4789; x_wconf 82' lang='lat'><em>.</em></span> 
     </span>
    </p>
   </div>
   <div class='ocr_carea' id='block_1_3' title="bbox 0 0 1760 5442">
    <p class='ocr_par' dir='ltr' id='par_1_4' title="bbox 0 0 1760 5442">
     <span class='ocr_line' id='line_1_42' title="bbox 0 0 1760 5442; baseline 0 2"><span class='ocrx_word' id='word_1_366' title='bbox 0 0 1760 5442; x_wconf 95' lang='lat' dir='ltr'> </span> 
     </span>
    </p>
   </div>
  </div>
 </body>
</html>
