3509 5442
860 571 890 636 V
1367 580 1430 646 305

316 767 390 807 rum
416 742 576 827 carpentas
585 790 595 823 ,
611 766 692 826 quae
712 744 832 828 purtim
854 754 991 807 couteetc
1008 744 1130 826 purtim
1144 744 1283 809 revelato
1295 745 1430 830 frustra

317 845 503 908 uooubsa'mr's
527 845 729 908 trahebamur
751 846 947 931 cousequu‘e,
971 842 1025 926 qui
1047 848 1093 907 tot
1115 844 1257 909 eiusdem
1279 847 1367 910 vocis
1398 867 1430 912 e-

320 945 453 1026 xempla
475 943 741 1022 consideraverit,
758 945 933 1011 novissima
949 956 1101 1028 carpenta
1115 945 1242 1010 illorum
1266 947 1431 1014 decorato-

319 1065 392 1109 rum
417 1064 595 1123 corseone,
614 1044 675 1110 hoc
702 1052 751 1112 est
776 1046 833 1110 illa
855 1046 1004 1112 decorata
1030 1052 1103 1112 ante
1132 1047 1307 1115 novissima
1329 1050 1429 1118 fuisse

320 1145 505 1231 intelleget.
527 1148 606 1213 haec
632 1153 738 1213 autem
766 1149 923 1215 adiectiva
950 1155 980 1213 et
1002 1148 1154 1213 adverbia
1176 1170 1196 1213 a
1218 1150 1310 1216 bonis
1332 1153 1430 1237 scrip-

321 1248 446 1314 toribus
472 1250 606 1334 syllabis
634 1249 743 1314 divisis
770 1251 895 1333 prolata
918 1270 989 1315 esse
1012 1256 1077 1314 tum
1105 1250 1176 1335 ipsa
1198 1253 1311 1336 regula
1334 1274 1454 1339 eupo-¹

322 1349 383 1414 sita
399 1370 439 1416 ac
452 1350 587 1417 fortasse
601 1350 741 1415 nondum
758 1353 834 1417 satis
848 1359 932 1417 recte
949 1353 1185 1437 circumscripta
1200 1354 1429 1422 demonstravi.

324 1451 429 1518 omnis
444 1459 552 1518 autern
566 1453 661 1518 huius
676 1453 906 1519 observationis
929 1454 1031 1537 prima
1046 1456 1181 1520 stamina
1204 1463 1277 1522 sunt
1297 1458 1330 1523 in
1353 1480 1431 1542 qua-

324 1553 399 1617 dam
414 1554 552 1621 Bentleii
573 1554 806 1637 disputatione,
823 1576 919 1637 quam
934 1556 1070 1620 Phaedri
1092 1557 1174 1623 libro
1189 1559 1290 1641 primo
1313 1561 1346 1624 in
1368 1562 1431 1626 fine

323 1656 505 1739 appositam
532 1655 751 1721 Wakefieldus
778 1664 809 1723 et
830 1658 984 1739 Forbiger
1012 1678 1184 1738 numquam
1210 1662 1328 1743 legisse
1358 1683 1433 1744 cog·

323 1764 519 1842 noscuntur,
537 1778 607 1824 cum
630 1759 663 1822 in
684 1759 765 1825 libro
787 1760 879 1825 tertio
894 1759 1033 1823 Lucretii
1045 1764 1107 1828 648
1130 1761 1198 1826 sine
1221 1762 1286 1827 ulla
1308 1763 1433 1828 dubita-

323 1860 412 1924 tione
438 1866 648 1925 commentum
676 1862 826 1926 Italorum
855 1863 889 1926 in
916 1860 1023 1925 omnia
1051 1863 1244 1945 exemplaria
1270 1864 1356 1947 typis
1379 1883 1433 1929 ex-

325 1982 440 2044 pressa
460 1963 583 2027 illatum
597 1962 753 2047 probant,
772 1964 917 2045 quamvis
932 1963 1096 2027 Bentleius
1114 1989 1184 2028 euru
1198 1966 1433 2048 praepositione

325 2062 452 2129 abiecta
472 2064 645 2145 legendum
666 2064 830 2131 docuisset
846 2069 982 2153 Corpore
1002 2067 1144 2150 reliquo,
1161 2065 1248 2147 quod
1264 2058 1313 2131 'ita
1336 2053 1433 2151 serip-

324 2171 393 2230 tum
415 2165 449 2230 in
464 2166 655 2231 membranis
671 2166 837 2232 Vossianis
854 2174 962 2232 extare
976 2174 1093 2232 testor.
1109 2166 1161 2232 hio
1176 2167 1272 2249 igitur
1294 2169 1434 2235 comicos

325 2273 471 2352 veteres,
486 2269 563 2334 item
578 2268 757 2335 Lucretium
773 2274 804 2333 et
818 2267 1019 2348 Phaedrum,
1035 2271 1185 2335 relicuom
1199 2275 1348 2350 quattuor
1369 2273 1435 2356 syl-

326 2369 411 2435 labis
434 2369 583 2436 extulisse
607 2368 762 2454 ostendit,
786 2372 914 2452 negavit
943 2377 1047 2436 autem
1074 2392 1112 2436 eo
1135 2372 1310 2454 Vergilium
1333 2374 1434 2438 Hora-

325 2471 405 2536 tium
432 2471 593 2536 Tibullum
619 2473 817 2555 Propertium
847 2493 995 2556 umquam
1026 2494 1102 2538 usos
1131 2493 1222 2539 esse.
1248 2474 1351 2558 potuit
1378 2476 1434 2541 ad·

327 2572 405 2639 dere
428 2572 600 2651 Ovidium,
623 2574 767 2639 Gratium
783 2627 790 2654 ,
808 2575 1050 2656 Germanicum,
1074 2573 1280 2657 Priapeorum
1303 2585 1434 2661 poetas,

328 2675 484 2759 opuscula
509 2676 716 2762 Maroniana,
744 2677 973 2753 Columellam,
1005 2676 1177 2759 Senecam,
1207 2678 1434 2761 Calpurnium,

326 2777 515 2854 Lucanum,
530 2778 691 2843 Valerium
711 2780 881 2845 Flaccum.
906 2779 963 2844 sed
985 2777 1071 2860 quod
1085 2777 1263 2842 Martialem
1285 2800 1325 2844 ac
1345 2781 1436 2846 Iuve-

328 2879 436 2944 nalem
459 2877 578 2962 primos
600 2882 729 2947 relr‘euru
755 2882 874 2947 dixisse
891 2880 1103 2958 existimavit,
1118 2901 1183 2945 non
1205 2881 1282 2945 satis
1304 2881 1438 2946 attendit

328 2980 473 3046 Persium
496 3000 534 3045 eo
550 2987 662 3063 quater
675 3004 766 3048 usum
790 3004 881 3062 esse,
897 2983 1009 3048 Silium
1024 2982 1122 3046 multo
1138 2982 1285 3064 saepius,
1301 2983 1436 3048 Statium
1464 2999 1467 3006 '

328 3089 378 3148 ter
391 3107 399 3147 :
414 3081 511 3147 habet
532 3082 626 3147 etiam
649 3084 790 3168 Sulpicia
813 3085 944 3150 Caleni.
965 3090 997 3148 at
1020 3083 1207 3165 epitomator
1228 3084 1350 3149 Iliados
1372 3105 1437 3150 non

328 3183 433 3268 potuit
466 3183 611 3250 scribere
631 3191 694 3254 895
727 3188 863 3274 Atropos
893 3189 974 3252 huuc
1000 3188 1118 3251 circum
1151 3187 1254 3250 stabat
1282 3189 1437 3274 reliquae-

331 3311 393 3373 quc
414 3311 556 3368 sorores,
573 3287 674 3370 potuit
696 3290 883 3376 repertaeque
905 3313 1049 3370 sorores5
1065 3307 1256 3370 quamquam
1279 3288 1438 3371 exempla·

330 3388 381 3452 ria
402 3391 467 3452 tam
488 3386 619 3453 mirifice
640 3389 784 3474 variant,
806 3396 841 3455 ut
863 3390 904 3455 de
931 3391 992 3454 hoo
1014 3408 1110 3454 versu
1133 3389 1237 3455 adhuc
1264 3389 1341 3453 nihil
1365 3410 1439 3456 con·
1505 3467 1507 3471 .

331 3489 420 3554 stitui
441 3489 562 3572 possit.
578 3510 637 3556 nec
651 3491 781 3555 Manilio
796 3492 968 3558 convenire
990 3496 1066 3575 puto
1082 3491 1170 3572 quod
1193 3498 1240 3556 est
1260 3492 1294 3556 in
1308 3515 1342 3571 11,
1356 3498 1439 3571 734,

331 3591 501 3673 Dimidia,
522 3593 656 3677 reliquis
684 3595 842 3658 tribuatur
872 3607 907 3658 ut
929 3592 1040 3657 ordine
1066 3596 1188 3679 siquis:
1214 3600 1245 3657 ct
1266 3597 1373 3656 tamen
1395 3594 1440 3657 vi·

333 3692 395 3758 deo
415 3691 579 3758 Friderioo
598 3694 714 3759 Iacobo
736 3693 819 3759 hunc
844 3714 970 3759 versum
991 3693 1140 3776 probari,
1162 3713 1254 3774 quem
1277 3693 1441 3758 Bentleius

332 3794 507 3860 reiecerat.
530 3796 682 3861 relieutue
711 3801 815 3860 autem
843 3815 1015 3877 numquam
1044 3792 1150 3858 diotae
1181 3800 1273 3871 sunt,
1297 3794 1440 3875 quamvis
1474 3831 1477 3836 ·

331 3898 378 3962 ita
409 3895 575 3979 scripsisse
602 3902 725 3961 veteres
754 3896 839 3961 dicat
864 3897 1054 3980 Papirianus
1085 3896 1119 3958 in
1146 3895 1271 3979 sylloge
1300 3895 1441 3960 Putsohii

333 4020 363 4083 p.
381 4002 485 4067 2290.
501 4000 654 4064 relicuum
675 3998 850 4064 Vaticanus
872 3999 975 4064 codex
996 3996 1139 4062 Sallustii
1161 3997 1195 4060 in
1218 3998 1360 4062 oratione
1375 4000 1442 4063 Ma-

333 4101 423 4182 orig.
439 4106 476 4166 1.
492 4102 630 4185 reliquee'
649 4105 697 4164 est
717 4102 750 4165 in
772 4102 844 4184 lege
863 4101 944 4165 Iulia
966 4098 1150 4182 municipali
1169 4102 1249 4175 1513
1266 4099 1387 4165 scilicet
1408 4105 1443 4165 ut

331 4203 473 4291 pequdea
485 4227 585 4288 pequs
598 4206 738 4288 peqaua‘u
747 4205 939 4289 papolenus,
954 4203 1029 4266 item
1044 4201 1077 4264 in
1092 4202 1165 4281 lege
1180 4200 1300 4266 Thoria
1311 4206 1353 4270 25
1369 4228 1442 4289 oqu-

327 4319 444 4392 patrrm
467 4308 573 4372 et101
598 4307 797 4390 persepolin.
819 4306 981 4389 reliquuos
1006 4322 1066 4386 per
1088 4302 1151 4365 duo
1174 4328 1196 4367 u
1218 4303 1357 4368 dubitari
1379 4325 1443 4368 non

335 4411 443 4490 potest
464 4404 541 4487 quin
564 4411 648 4472 extet
669 4406 702 4470 in
725 4406 887 4471 Ciceronis
910 4405 950 4469 de
972 4424 1007 4469 re
1031 4404 1157 4487 publica
1179 4404 1260 4469 libro
1276 4429 1297 4485 1,
1310 4406 1442 4490 3b,'ubi

334 4508 439 4573 Maius
469 4506 557 4572 dedit
579 4510 754 4591 eur‘guuos‚
775 4533 796 4593 p
816 4506 939 4570 litterae
968 4527 1033 4571 non
1064 4506 1126 4570 nisi
1154 4506 1325 4588 vestigium
1347 4507 1443 4572 breve

336 4628 466 4674 manere
480 4614 614 4676 testatus
627 4636 634 4674 :
650 4613 783 4694 apparet
798 4609 881 4672 enim
897 4609 1097 4674 scribendum
1115 4628 1185 4674 esse
1201 4609 1360 4695 reliquens
1375 4634 1442 4672 sue

335 4713 456 4778 tentari
465 4714 560 4777 auius
571 4716 684 4800 optimi
692 4727 719 4778 et
730 4713 847 4777 summi
854 4713 922 4776 uui
930 4711 1112 4797 dilipeutia.
1125 4710 1299 4793 scripturae
1311 4708 1445 4774 mutabi-

1178 4813 1221 4879 20
