3509 5442
332 750 416 815 hune
442 767 572 813 versum
598 768 662 812 non
686 766 744 812 suo
766 745 836 810 loco
859 745 945 828 legi,
970 745 1079 827 quiin
1102 764 1161 810 suo
1185 743 1348 830 repositus
1367 744 1433 810 satis

332 851 426 936 facit,
438 851 501 915 ita.
514 851 649 914 Diditur
660 853 694 913 iu
706 874 801 914 vertas
813 850 901 913 cibas
912 849 1012 912 amuis
1019 898 1028 931 ,
1041 861 1149 934 auqet,
1163 848 1287 933 alitque
1300 847 1434 935 Corporis

335 966 490 1018 extremas
505 977 627 1038 quoque
639 954 744 1038 partis
760 951 1027 1037 uaqree'culasque,
1041 947 1191 1013 Morbida
1206 951 1320 1034 arisque
1334 950 1434 1032 amul,

328 1043 405 1120 ‘cura
427 1059 622 1120 eatrr'rrsecue
644 1055 845 1118 r'ueirruatur.
867 1050 913 1114 ita
934 1050 1014 1114 haee
1039 1068 1100 1131 ego
1128 1067 1354 1128 correxeram,
1376 1070 1436 1114 onn

333 1154 398 1221 ridi
413 1156 591 1222 Arnobium
608 1173 734 1237 quoque
751 1152 785 1215 in
799 1152 860 1215 hoe
874 1151 946 1216 laco
962 1151 1149 1237 uuqur‘culoe
1165 1170 1238 1215 eum
1255 1154 1363 1218 merto
1375 1172 1438 1235 pro

334 1261 418 1325 xime
437 1260 623 1325 coniunctos
642 1255 781 1337 legisse.
804 1253 849 1318 sic
870 1254 955 1318 enim
973 1252 1029 1317 ille
1049 1253 1083 1316 in
1102 1275 1127 1315 11
1141 1274 1172 1336 p.
1185 1256 1247 1329 77,
1266 1254 1356 1333 oete
1367 1255 1438 1319 enim

335 1366 368 1426 ei
379 1364 532 1428 homiuem
548 1361 637 1424 dicas
652 1371 777 1444 captura
792 1357 938 1420 membris
950 1357 1092 1420 omuibus
1103 1368 1132 1419 et
1143 1355 1317 1419 eiulantem
1329 1380 1368 1420 ea·
1377 1379 1436 1419 crar-

335 1464 469 1528 cr'atidus
477 1465 600 1548 asperia
609 1460 727 1525 idcirco
736 1483 800 1523 3333
811 1477 937 1535 sanum,
951 1457 1036 1543 quod
1042 1458 1138 1520 auiae
1146 1456 1318 1536 unguiculi
1326 1457 1436 1520 uultum

332 1567 528 1651 perpetiatur
540 1564 676 1628 dolorem
685 1586 696 1644 ,·
707 1573 762 1623 aut
773 1584 838 1624 esee
850 1577 979 1622 auream
991 1563 1124 1641 terram,
1138 1558 1271 1643 quadiu
1281 1559 1436 1624 uerrucula

335 1667 426 1732 callae
444 1668 539 1730 etuias
557 1666 655 1729 r'usr'rrt
674 1665 808 1750 eatquae
827 1659 983 1738 miculae,
1003 1663 1116 1746 quibus
1134 1662 1283 1724 nascitur
1301 1662 1436 1747 collique·

326 1770 431 1856 factis
446 1768 586 1832 autrum?
605 1784 738 1846 quorum
757 1762 890 1827 alterum
907 1781 1033 1844 quoque
1048 1761 1225 1826 membrum
1242 1779 1287 1826 ex
1301 1760 1437 1826 Lucretio

336 1869 494 1934 detortum
510 1874 577 1946 est,
592 1873 623 1931 et
638 1864 766 1948 quidem
783 1884 823 1929 ex
838 1864 918 1929 libro
932 1888 952 1947 r,
962 1869 1024 1932 839
1038 1865 1093 1928 Ec
1104 1867 1241 1949 aurique
1251 1878 1347 1949 putat
1357 1865 1437 1928 mirri

336 1974 503 2038 concutere
511 1995 603 2057 passe
615 1971 740 2033 Aurem.
748 2017 756 2048 ,
770 1967 848 2031 etde
863 1969 958 2031 terreis
973 1980 1089 2031 terram
1105 1989 1307 2030 concrescere
1314 1966 1436 2051 parur's.

421 2077 494 2144 952.
517 2071 800 2153 Parvorrranr,
823 2090 1020 2131 runnusrr
1037 2088 1135 2131 onon
1151 2087 1365 2138 rnransona
1383 2087 1437 2127 vr·

336 2198 499 2248 rosana.
523 2173 703 2251 Quadratus
716 2173 832 2258 frique
849 2194 1049 2256 quapoeque.
1067 2168 1142 2233 olim
1164 2167 1317 2252 impressi
1335 2193 1437 2255 uapor·

338 2306 416 2367 que.
440 2277 564 2341 Nouius
580 2280 724 2360 p.487,6
754 2275 858 2359 Vupar
881 2286 910 2336 et
930 2295 1046 2357 vapos,
1070 2284 1098 2334 et
1120 2273 1213 2336 trinar
1233 2285 1264 2335 et
1286 2273 1395 2352 timae,
1417 2282 1439 2333 et

338 2384 425 2448 labor
448 2394 476 2444 et
498 2379 584 2442 labos
595 2427 604 2460 ,
626 2377 672 2439 e'ta
694 2388 767 2439 aaut
796 2388 829 2438 ut
856 2375 941 2438 colar
969 2387 997 2437 et
1018 2373 1120 2436 colos.
1144 2373 1315 2437 Lucretius
1338 2374 1389 2437 let.
1411 2393 1438 2432 vr

335 2482 513 2548 Pervolr'tac
524 2530 532 2561 ,
545 2490 713 2564 permanat
727 2475 986 2561 adoafriqueque
996 2498 1170 2560 vaposque.
1183 2472 1259 2538 hino
1270 2474 1438 2539 Lambinus

335 2581 434 2651 edidit
448 2582 523 2647 odeo
538 2585 570 2642 et
584 2602 760 2664 vaposque,
778 2577 910 2641 alterum
926 2582 1030 2657 recte,
1047 2575 1181 2640 alterum
1197 2575 1437 2642 alibrariisNo

334 2687 388 2751 nio
410 2691 529 2750 temere
550 2680 694 2745 illatum.

421 2792 493 2856 954.
517 2805 589 2856 oua
613 2800 753 2844 crucan
778 2801 885 2842 caum
912 2801 1047 2844 nomer
1075 2803 1263 2846 conseer.
1288 2781 1438 2847 Aventius

335 2892 413 2957 colli
425 2913 435 2954 .·
460 2883 677 2950 Wakefieldus
705 2881 928 2964 interpretatur
956 2881 1107 2946 circulum
1138 2884 1236 2960 colli,
1266 2885 1437 2967 Vergilium

334 2997 446 3058 testem
471 2988 591 3062 citans,
615 2984 670 3066 qui
691 2982 790 3047 lorica
813 2983 928 3047 collum
951 2983 1035 3066 cingi
1057 2982 1191 3050 dixerit.
1211 2992 1244 3050 at
1266 2986 1322 3051 ille
1345 2985 1438 3060 dixit,

334 3101 369 3160 ut
389 3093 548 3159 hominem
571 3105 669 3152 sanae
691 3085 805 3149 mentis
828 3085 938 3168 decet,
962 3088 1110 3151 Loricam
1131 3089 1320 3175 paleamque
1341 3091 1437 3164 iuter,

335 3221 399 3282 qua
415 3193 495 3259 colla
511 3191 646 3256 aedeutr‘c
661 3190 800 3252 Luceut.
818 3187 972 3254 Marullus
994 3189 1267 3275 fecerat‘corpue.
1283 3188 1438 3253 Antonius

333 3294 535 3361 Florentinus
550 3294 633 3357 corii
642 3339 648 3353 .
665 3286 722 3353 scd
737 3289 902 3354 Lucretius
918 3290 1043 3374 scripsit
1062 3290 1180 3354 Grrrr
1203 3292 1324 3356 lorica.
1341 3292 1436 3356 Varro

334 3395 375 3461 de
397 3395 508 3475 lingua
529 3393 628 3457 latina
649 3391 730 3455 libro
752 3395 890 3473 vp.121
917 3393 1034 3456 Larice
1044 3442 1053 3476 ,
1074 3392 1159 3478 quod
1177 3417 1193 3457 e
1209 3393 1289 3457 loris
1305 3393 1343 3458 de
1358 3392 1437 3459 euzo

333 3495 430 3561 crudo
443 3495 618 3580 pectoralia
623 3493 792 3578 faciebant
803 3541 809 3555 .
819 3507 933 3579 postea
946 3494 1082 3558 subcedit
1093 3494 1187 3558 Galli
1199 3494 1320 3579 eferro
1335 3496 1393 3559 aab
1407 3492 1438 3557 id

331 3597 531 3677 vocabulum,
546 3619 585 3658 eu
596 3594 703 3658 arculis
710 3644 718 3676 ,
724 3595 801 3680 fere
813 3596 877 3658 iam
890 3597 996 3658 tunica
1007 3643 1013 3656 .
1026 3594 1072 3658 iia
1083 3594 1165 3659 enim
1178 3594 1259 3660 haee
1272 3595 1437 3662 scribenda

332 3704 406 3764 sunt
420 3717 460 3763 ex
474 3695 659 3761 Florentino
675 3695 806 3780 codice,
822 3696 876 3776 qui
890 3701 998 3760 tamen
1013 3694 1111 3761 habet
1116 3697 1265 3782 ferream
1282 3701 1436 3763 tunicam.

331 3801 468 3866 eabcidr't
489 3805 594 3863 autem
617 3796 733 3861 rectius
755 3795 807 3860 hie
829 3797 981 3881 scriptum
1002 3797 1148 3862 existimo
1164 3817 1261 3880 quam
1278 3799 1357 3864 alibi
1373 3823 1436 3864 euc-

330 3903 457 3984 cedere,
474 3900 555 3964 utin
570 3921 628 3962 vm
639 3919 669 3982 p.
679 3903 743 3966 454
759 3913 829 3963 aute
844 3925 940 3984 quam
955 3901 1011 3963 sub
1026 3902 1231 3985 maqr‘etratas
1247 3899 1362 3986 (immo
1377 3925 1436 3965 ma-

328 4000 529 4091 qr'etratuaru)
544 4003 690 4082 aomina,
711 4002 770 4085 qui
789 4026 839 4065 eos
863 4003 1057 4083 liberarant,
1073 4001 1238 4066 succedere
1253 4015 1420 4088 coeperunt
1428 4052 1436 4083 ,

329 4103 363 4168 in
377 4127 411 4167 rx
425 4125 456 4189 p.
467 4110 530 4174 503
551 4128 632 4189 quae
651 4105 707 4167 aab
727 4127 906 4168 mensuram
927 4126 965 4166 ac
980 4102 1129 4188 pandera
1143 4105 1255 4188 potius
1273 4127 1372 4188 quam
1385 4104 1437 4168 oab

328 4230 493 4271 numerum
507 4203 694 4285 succedunt,
713 4203 747 4266 in
762 4226 783 4266 x
796 4225 828 4287 p.
837 4207 900 4272 552
916 4228 985 4267 cum
1001 4229 1065 4268 aaa
1079 4204 1244 4269 succedere
1260 4205 1371 4270 debeat
1385 4206 1437 4270 suth

327 4331 458 4374 emaum
481 4309 622 4387 ratione,
646 4305 742 4368 immo
766 4304 926 4370 succidere
948 4306 1005 4368 aab
1027 4307 1200 4370 rationem.

414 4413 486 4477 956.
518 4408 569 4470 Er
602 4427 871 4469 reuersurum
905 4428 1025 4469 rurum
1059 4427 1260 4478 cretaeus
1296 4427 1438 4472 cooarr

326 4511 365 4575 Iu
385 4531 548 4600 'cunnus
584 4529 805 4579 rsanrsoun
838 4529 1015 4572 3330333
1048 4530 1165 4572 rurus
1198 4530 1437 4575 recessum.

325 4613 401 4679 Iure
428 4609 601 4696 quadratus
628 4614 660 4672 et
681 4627 701 4672 a
724 4616 901 4675 correctore
925 4610 1103 4693 oblongus.
1126 4629 1191 4675 non
1220 4607 1336 4678 dubito
1367 4613 1439 4695 quin

323 4711 358 4776 in
380 4712 490 4780 codiee
512 4713 642 4795 antiqno
665 4709 759 4777 fuerit
779 4714 868 4795 iure,
890 4731 988 4797 supra
1009 4711 1172 4795 adscripto
1194 4737 1237 4778 a:
1260 4733 1377 4780 verum
1395 4721 1441 4782 ost
