3509 5442
777 551 821 618 rv
1115 517 1118 522 ’
1291 555 1355 623 aas

239 749 311 792 aus
337 747 421 791 surr
444 744 654 790 couruucre
668 743 894 787 uncassusr.
911 722 1094 800 Quadratus
1110 724 1151 788 Er
1173 723 1260 809 quod
1279 725 1354 790 mol

243 830 333 894 lesar‘t
346 828 511 916 pedalium:
526 826 685 907 oblongus
700 826 854 892 coloribus
869 827 937 889 aiae
948 827 1132 890 coniuncta.
1147 824 1181 889 in
1195 843 1230 891 re
1245 832 1355 909 aperta

245 930 385 1013 telarum
407 935 457 995 est
478 929 561 995 enim
582 926 634 992 hie
656 926 690 991 id
711 926 775 992 diei
798 926 885 1010 quod
907 946 946 991 ex
968 925 1096 1008 Epicuri
1117 946 1238 991 canone
1260 925 1357 992 habet

247 1032 395 1097 Laertius
416 1031 579 1113 Diogenes
594 1050 625 1108 x,
638 1033 680 1098 32
702 1023 742 1097 οὔ
765 1027 827 1116 γὰρ
848 1030 915 1094 τῶν
938 1021 1048 1095 αὐτῶν
1069 1023 1134 1095 εἶσὶ
1155 1029 1299 1117 κριτικαὶ
1320 1024 1356 1096 oi

250 1131 498 1220 ἆνομοιογενεῖς
524 1125 723 1219 αἰσθήσεις)
745 1152 829 1196 unus
852 1131 1017 1198 Bentleius
1045 1131 1125 1196 vidit
1151 1131 1192 1196 ad
1220 1132 1355 1216 primum

250 1237 425 1303 membrum
448 1235 563 1301 deesse
586 1256 775 1314 seorsum,
794 1234 893 1317 idque
921 1254 959 1298 eo
981 1233 1052 1298 loeo
1080 1234 1261 1318 ponendum
1285 1253 1356 1300 esse

251 1359 311 1423 quo
332 1338 452 1421 legitur
473 1338 595 1403 videri.
616 1335 676 1403 sed
697 1336 833 1402 eundem
856 1335 953 1400 miror
975 1356 1039 1400 non
1060 1335 1255 1402 intellexisse
1275 1335 1356 1402 illud

250 1441 383 1508 alterum
410 1452 560 1506 necessest
580 1458 734 1523 perquam
759 1437 867 1520 inepte
890 1456 929 1501 ex
952 1436 1169 1521 superioribus
1188 1437 1356 1522 repetitum

251 1561 345 1621 esse;
369 1541 404 1606 in
431 1539 522 1606 ouius
547 1539 653 1606 looum
681 1537 933 1605 substituendum
968 1543 1197 1623 estmorae,
1225 1561 1290 1606 non
1311 1545 1355 1607 vi-

251 1645 323 1710 deri
330 1695 339 1727 ‚
356 1641 433 1725 quia
447 1641 621 1726 praecessit
635 1644 769 1707 seorim.
785 1643 903 1706 colores
925 1646 1031 1704 autem
1053 1666 1159 1707 rerum
1180 1641 1232 1709 hie
1248 1664 1357 1727 super-

250 1745 339 1811 fieies
361 1742 527 1826 dieantur,
543 1744 698 1808 coloribus
714 1745 877 1809 coniuncta
899 1742 950 1807 hie
973 1748 1007 1806 ut
1027 1741 1061 1806 in
1076 1741 1158 1809 libro
1174 1767 1206 1828 11,
1221 1750 1282 1815 743
1305 1766 1356 1810 eo-

250 1848 317 1912 lore
342 1844 481 1910 obduota
502 1851 535 1910 et
555 1843 711 1910 visibilia.

336 1951 411 2017 494.
446 1967 603 2010 seorsus
631 1968 776 2011 enonas
803 1946 1055 2026 Nascsurmr,
1084 1968 1225 2012 sonsum
1256 1970 1356 2012 soru-

251 2073 316 2116 rus
331 2099 338 2114 .
354 2051 539 2115 Nascantur
560 2048 629 2114 sine
644 2070 742 2116 eausa
756 2070 777 2114 a
792 2075 913 2115 necesse
929 2064 973 2114 ert
982 2099 992 2132 ‚
1008 2046 1095 2132 quod
1110 2050 1272 2132 sequitur,
1289 2072 1357 2116 sus-

249 2173 387 2238 pensum
416 2155 488 2216 est.
511 2151 706 2217 Veronensis
739 2152 835 2216 editio
870 2157 902 2216 et
926 2153 1080 2221 Marullus
1107 2154 1355 2217 Nascusrua.

250 2260 393 2320 eeterum
421 2251 579 2334 oblongus
610 2253 706 2338 paulo
728 2260 801 2319 ante
824 2252 920 2319 habet
942 2255 1089 2320 Seorsum
1110 2258 1182 2322 item
1194 2306 1202 2338 ,
1223 2253 1358 2338 quadra·

249 2364 303 2422 tus
326 2355 379 2420 hie
401 2379 540 2420 seorsum
562 2358 701 2420 sonitus.

340 2464 413 2527 496.
435 2458 517 2523 Nou
540 2479 720 2528 rossuur.
736 2457 808 2523 Itali
823 2479 994 2522 rossrur.
1012 2480 1085 2523 mox
1102 2460 1277 2542 quadratus
1292 2461 1358 2525 Nee

203 2645 208 2650 .
246 2586 349 2650 porro
364 2573 468 2648 potest
489 2563 557 2646 ipsi
566 2609 572 2625 .

339 2667 412 2731 498.
436 2663 567 2734 Areua
589 2663 803 2728 eruasltali
826 2666 976 2736 Arous.

339 2770 412 2834 500.
435 2785 506 2828 uou
526 2784 703 2830 roruars.
726 2766 797 2831 Itali
820 2771 850 2832 et
871 2765 1218 2851 impressi-eorunm.

341 2871 414 2936 501.
435 2890 563 2932 rusrru
579 2889 826 2938 ousnnsrsu.
848 2869 997 2935 Iudaeam
1013 2868 1206 2951 quadratus.
1226 2889 1359 2932 ruxrru

253 2992 459 3044 Qusonsrs
481 2969 574 3034 Itali.

340 3076 413 3143 502.
436 3093 591 3136 asr1ou1
613 3094 774 3136 uouurrm
793 3121 800 3135 .
822 3069 1004 3148 Quadratus
1029 3074 1167 3138 rationes
1194 3077 1358 3160 eqeaitim.

252 3197 428 3240 serrorus
451 3177 609 3238 corrector
631 3173 782 3255 oblongi.
797 3173 866 3238 Itali
891 3179 922 3237 et
942 3173 1089 3258 impressi
1111 3196 1300 3238 ausurum.

341 3282 415 3347 511.
439 3297 571 3339 cessa.
592 3274 758 3357 Oblougus
780 3301 874 3358 caea,
898 3274 1070 3358 quadratus
1096 3283 1170 3342 ante
1193 3297 1288 3359 quam
1311 3299 1360 3342 ra-

254 3381 385 3445 deretur
406 3402 548 3442 eaeaam.
569 3396 641 3443 eum
663 3397 789 3442 versum
817 3377 870 3460 qui
894 3377 978 3442 hune
1000 3378 1164 3461 praeeedit
1185 3400 1205 3444 a
1225 3379 1361 3445 Leiden-

255 3482 344 3548 sibus
367 3480 482 3545 abesse
497 3477 737 3564 Haveroampus
760 3480 887 3545 scribit.
904 3480 1015 3546 adest:
1034 3480 1067 3543 in
1090 3487 1223 3565 utroque
1245 3482 1362 3563 legitur

256 3585 419 3650 contraria
442 3607 501 3669 que
523 3584 605 3647 aiut.
621 3582 654 3646 in
669 3581 833 3665 superiore
845 3587 908 3651 509
924 3582 1082 3666 oblongus
1105 3610 1164 3669 que
1186 3588 1268 3666 siat,
1284 3602 1361 3664 qua·
1440 3598 1446 3623 ‘

256 3685 368 3750 (iratus
390 3688 470 3771 qaae
492 3686 575 3749 siret.
1175 3763 1177 3767 .

344 3791 419 3857 514.
440 3787 471 3851 N
477 3807 652 3858 onusoun
680 3808 750 3849 surr
771 3808 940 3850 rsuuex.
965 3785 1132 3850 Correetor
1158 3784 1305 3867 quadrati
1331 3791 1362 3849 et

257 3889 328 3953 Itali
351 3911 404 3952 s1.
773 3958 775 3962 ,

343 3994 418 4060 516.
442 4010 597 4054 ousrrrs
623 4012 780 4054 uacasse
808 4012 898 4054 ssr.
921 3987 1363 4072 ltaquadratus:ob10ngus

257 4095 381 4179 obstipa
395 4117 522 4158 neeesse
544 4106 589 4158 est
598 4142 607 4175 ‚
623 4093 709 4176 apud
724 4093 853 4158 Festum
875 4112 906 4175 p.
921 4096 991 4169 193,
1004 4097 1047 4160 30
1067 4091 1154 4155 Mull.
1176 4095 1289 4159 obstito
1311 4117 1362 4158 ae-

259 4221 343 4262 eesee
367 4209 431 4261 est.

344 4299 419 4365 517.
442 4295 588 4360 Parra.
611 4296 766 4362 Marullus
787 4296 936 4361 Pusvs.

345 4398 1363 4470 526·corrosusQuoouuuurucousreuurarnuouusr.

257 4501 332 4567 Itali
355 4506 388 4564 et
408 4498 555 4583 impressi
571 4501 760 4586 Corporeum
775 4526 897 4588 qaoque
919 4503 1000 4566 euim
1022 4526 1144 4567 vocem.
1160 4502 1255 4566 immo
1272 4499 1364 4565 Gou-

257 4624 411 4668 romanu
433 4622 562 4665 vocum
584 4626 704 4688 qaoque
727 4605 829 4668 euim.

344 4697 419 4795 528.
441 4703 666 4768 Pnsnrunns
689 4724 821 4768 asora.
837 4703 890 4770 sie
905 4702 1064 4784 oblongus
1078 4708 1110 4768 et
1124 4703 1248 4770 Gellius
1261 4705 1364 4781 aaa:
