3509 5442
855 556 901 621 m
1014 641 1016 644 ,
1374 561 1435 628 roo

318 751 417 796 nun.
439 730 522 794 Tota
548 727 615 792 fere
647 725 742 792 huius
768 746 880 793 versus
907 727 1013 794 littera
1039 727 1097 792 fuit
1118 751 1158 811 u,
1187 748 1269 811 quae
1297 728 1434 813 excidit,

321 837 426 913 quota
445 831 480 895 in
502 830 666 914 superiore
687 852 725 892 o:
746 836 836 895 recte
853 829 936 895 enim
958 830 1028 895 Itali
1055 836 1086 895 et
1108 831 1181 895 olim
1203 829 1349 914 impressi
1371 853 1436 895 uo·

319 955 395 996 nnn
416 932 426 995 .’
445 931 589 1016 imperito
618 935 775 997 corrector
802 931 948 1013 quadrati
980 939 1011 997 et
1037 931 1254 997 Wakefieldus
1287 936 1435 998 cornice.

319 1054 432 1116 neque
454 1030 628 1099 Lambinus
650 1031 795 1098 dubitare
817 1030 927 1096 debuit
949 1031 1025 1114 quin
1047 1056 1109 1096 um
1131 1035 1309 1120 cobioapao.
1327 1035 1437 1116 legen-

321 1136 402 1200 dum
426 1134 484 1218 sit,
501 1131 659 1216 quomodo
675 1131 773 1197 dandi
795 1153 872 1198 casu
895 1132 1046 1216 scriptum
1068 1140 1117 1199 est
1137 1133 1171 1197 in
1192 1134 1273 1198 libro
1296 1140 1435 1217 rv,447.
1530 1189 1534 1195 .

322 1239 413 1303 allae
434 1235 516 1300 libro
535 1258 555 1319 1,
568 1240 631 1304 687
652 1233 757 1298 intulit
779 1232 934 1298 editorum
957 1235 1118 1301 temeritas
1139 1260 1146 1299 ε
1167 1235 1361 1318 exemplaria
1382 1255 1437 1301 ve·

321 1344 395 1402 tera
417 1338 497 1418 alli,
518 1356 622 1419 neque
645 1355 780 1418 usquam
803 1335 914 1414 aliter3
938 1355 1130 1419 quamquam
1159 1338 1243 1403 oliae
1267 1344 1316 1402 est
1342 1338 1375 1402 in
1390 1361 1435 1422 n1,

325 1444 415 1522 918,
433 1440 491 1505 scd
509 1427 776 1521 genebrosam,
794 1438 844 1501 ali
862 1436 990 1502 dativo.

412 1544 487 1609 428.
509 1561 585 1604 uam
606 1559 726 1603 nonen
753 1541 1195 1605 uon1n1rsrnPnnsrsrn
1218 1564 1260 1606 nr
1284 1564 1305 1606 A
1327 1564 1437 1606 rrum

325 1662 448 1706 causa
469 1663 580 1705 muers
604 1661 688 1704 rora
710 1659 903 1703 uovorun.
920 1641 1015 1705 Recte
1037 1641 1108 1706 Itali
1131 1649 1162 1706 et
1182 1643 1328 1727 impressi
1345 1646 1437 1709 Pres-

325 1756 373 1807 tor
396 1742 466 1807 sive
483 1744 698 1807 Pnnrsrnr.
720 1738 777 1806 sed
800 1747 1020 1822 argumentum
1043 1762 1107 1806 uon
1134 1750 1218 1809 recte
1241 1744 1438 1809 concluditur

285 1844 286 1851 ’
325 1845 389 1908 hoc
417 1842 533 1928 modo,
556 1841 684 1909 ‘Anima
710 1843 880 1927 quoniam,
907 1848 942 1907 ut
968 1848 1041 1926 pote
1073 1844 1238 1929 mobilior,
1264 1845 1438 1910 minoribus

327 1946 496 2012 elementis
529 1950 652 2010 constat
680 1964 776 2027 quam
808 1965 894 2027 aqua
928 1949 960 2007 et
986 1945 1104 2009 nebula
1135 1953 1166 2012 et
1189 1935 1293 2013 sumus
1312 1997 1320 2030 ,
1342 1948 1439 2013 debet

291 2098 293 2102 .
329 2047 426 2112 ecam
446 2046 511 2112 uus
532 2045 655 2111 facinus
678 2045 809 2111 ussus
823 2045 842 2109 .’
863 2047 959 2111 immo
976 2045 1143 2112 orreorum
1164 2029 1223 2112 fuit
1245 2050 1290 2115 su
1312 2049 1439 2114 ‘Anima

328 2147 482 2230 quoniam
510 2168 551 2215 ex
577 2148 750 2235 minoribus
778 2148 861 2212 facta
889 2153 960 2231 est,
981 2147 1106 2214 facilius
1134 2158 1277 2217 movetur
1301 2152 1438 2234 ideoque

328 2249 463 2330 facilius,
484 2248 698 2315 dissolvitur.'
721 2248 843 2315 accedit
871 2249 958 2333 quod
980 2252 1145 2317 Lucretius
1169 2253 1351 2337 parenthesi
1372 2274 1438 2317 non

329 2353 448 2436 utitur,
468 2351 530 2416 nisi
555 2351 600 2416 ita
628 2357 662 2416 ut
691 2350 732 2416 ad
752 2351 833 2416 illud
862 2351 966 2435 ipsum
994 2351 1079 2417 uude
1107 2356 1282 2421 orationem
1303 2355 1440 2422 devertit

330 2451 462 2532 redeat3
482 2453 545 2518 hoc
565 2451 681 2537 modu,
702 2455 868 2539 Principio
896 2457 1045 2540 quoniam
1073 2459 1198 2522 mittunt
1219 2460 1360 2545 Corpora
1388 2484 1439 2523 reo

330 2556 449 2620 multae
460 2605 468 2637 ,
479 2578 542 2619 -ε
558 2579 632 2619 aaut
661 2581 754 2642 coepe
775 2555 916 2620 videmus
930 2580 991 2620 —:
1006 2557 1093 2634 Quae
1120 2562 1268 2644 quoniam
1280 2561 1368 2646 fluat
1378 2611 1386 2642 ,
1406 2560 1440 2623 in

331 2657 413 2722 libro
428 2659 546 2740 1v,o4.
563 2661 596 2718 at
612 2653 664 2721 hic
677 2663 751 2741 post
764 2655 960 2722 interiectam
975 2659 1163 2722 sententiam
1186 2660 1228 2724 ad
1243 2681 1357 2726 novam
1372 2682 1440 2726 rem

329 2757 554 2842 progreditur,
570 2757 736 2845 Principio
759 2760 908 2849 quopiam
931 2772 1050 2823 tenuem
1066 2775 1207 2826 coactare
1221 2765 1350 2827 meliotis
1366 2765 1439 2829 Cor·
1476 2817 1481 2828 .

324 2861 464 2948 poribus
490 2858 587 2923 docui
595 2908 603 2940 ,
619 2884 684 2925 -r
700 2886 773 2925 uam
802 2862 892 2946 deripe
914 2861 1083 2925 mobilitate
1107 2863 1254 2928 Praestat
1266 2901 1302 2910 -
1321 2866 1440 2929 :Nurac

331 2964 434 3049 ipa'trrr
455 2961 602 3046 quoniam
615 2999 658 3007 —
669 2963 828 3028 discedere
850 2963 953 3026 cereis
966 3010 973 3024 .
988 2959 1095 3042 itaque
1117 2968 1152 3026 ut
1173 2984 1238 3028 una
1257 2985 1355 3048 opera
1375 2965 1440 3030 duo

331 3061 411 3128 vitia
435 3061 604 3146 eluamus,
632 3061 827 3145 diiungenda
858 3061 958 3126 oratio
986 3068 1035 3125 est
1060 3068 1092 3126 et
1117 3066 1269 3148 apodosis
1295 3065 1441 3131 facienda

331 3163 398 3247 ita,
421 3163 587 3249 Principio
609 3168 758 3251 quoniam
784 3180 904 3232 tenuem
932 3177 1072 3228 coactare
1100 3169 1230 3232 barbutia
1253 3169 1441 3255 Corporibus

333 3267 448 3347 docui,
463 3303 507 3311 —
522 3287 585 3328 mu
608 3267 698 3353 deripe
719 3269 889 3333 mobilitate
911 3267 1079 3331 Praestat.

418 3371 494 3435 430.
538 3365 679 3444 Qurrrn
717 3391 779 3432 our
819 3384 1037 3433 1use1u1nus
1071 3393 1160 3434 nour
1197 3391 1441 3442 unaunanoun

332 3490 537 3533 uovnurun
556 3517 563 3532 .
584 3474 657 3538 433.
680 3471 764 3535 ΝΛΜ
784 3492 929 3534 rnocon
952 3493 1047 3535 usne
1069 3495 1184 3537 numo
1206 3494 1313 3537 uonrs
1337 3497 1442 3538 erun-

333 3590 458 3637 nscau·
479 3593 693 3636 suasuros.
710 3573 747 3636 In
768 3571 865 3656 priori
888 3591 983 3638 versu
1005 3580 1091 3641 recte
1105 3573 1261 3640 Marullus
1282 3591 1441 3641 movetur:

332 3695 410 3739 nam
437 3688 598 3747 moveator
619 3674 792 3740 absurdum
815 3679 890 3739 est.
910 3674 944 3739 in
970 3675 1070 3740 altero
1092 3676 1267 3741 Lambinus
1295 3681 1326 3740 et
1348 3677 1442 3739 Bent-

332 3776 417 3841 lcius
439 3777 525 3840 Nora
537 3777 657 3862 procul
677 3778 749 3841 birro
771 3775 865 3841 dubio
878 3826 886 3854 ‚
900 3775 1022 3841 scilicet
1048 3798 1088 3842 ex
1109 3777 1159 3842 his
1180 3775 1276 3840 rebus
1296 3775 1442 3841 tenuissi-

333 3877 416 3962 miS,
432 3879 520 3942 nobis
534 3879 707 3942 simulacra
720 3879 878 3963 pertentor
889 3901 901 3959 5
914 3876 1000 3958 quod
1014 3878 1201 3961 Lucretiae,
1218 3876 1247 3941 si
1262 3896 1334 3943 eum
1356 3883 1442 3942 recto

333 3977 425 4062 novi,
448 3978 553 4062 potius
575 3978 636 4043 hoc
657 3979 752 4043 modo
776 3977 927 4062 dixisset,
944 3980 1029 4044 Nom
1052 3980 1145 4044 dubio
1163 3981 1280 4066 procul
1300 3981 1374 4047 boec
1396 3981 1443 4044 ito

326 4106 393 4168 per
419 4081 593 4145 simulacro
619 4094 800 4167 peractor.
822 4078 879 4144 sed
907 4078 982 4142 mihi
1016 4079 1093 4145 satis
1119 4085 1242 4144 constat
1274 4085 1442 4162 utrumque

332 4201 488 4272 versum,
510 4200 579 4245 cum
602 4188 714 4247 neuter
740 4185 926 4262 argumento
953 4180 1122 4262 quicquam
1149 4181 1247 4246 addat
1270 4181 1442 4267 ponderis,

333 4282 460 4348 abillo
489 4280 630 4348 studioso
658 4285 776 4349 lectore
802 4281 960 4346 adiectum
988 4300 1082 4364 csse,
1105 4282 1194 4347 cuius
1224 4283 1287 4348 iam
1314 4283 1443 4348 fraudes

333 4384 458 4466 aliquot
479 4383 765 4468 deprehendimus,
782 4389 816 4448 ut
837 4381 934 4467 paulo
961 4388 1034 4448 ante
1055 4403 1150 4449 versu
1173 4389 1236 4452 412
1259 4392 1290 4450 et
1311 4391 1393 4453 415.
1414 4383 1443 4448 is

333 4506 407 4552 cum
430 4485 525 4551 sciret
545 4486 579 4549 in
593 4485 654 4550 hac
674 4507 710 4554 re
725 4482 880 4563 εἰδώλοις
900 4485 964 4549 illis
979 4485 1109 4569 Epicuri
1130 4486 1236 4551 locum
1260 4506 1352 4571 esse,
1368 4493 1443 4569 poe·-

333 4587 405 4652 tlcis
433 4607 510 4652 suae
537 4587 723 4654 eruditionis
748 4588 880 4654 floribus
903 4587 1042 4652 carmina
1067 4609 1126 4672 per
1151 4608 1186 4653 se
1208 4587 1286 4654 satis
1307 4585 1443 4650 illustria

335 4707 493 4755 exornare
514 4689 653 4778 studuit,
669 4711 739 4759 cum
761 4697 875 4778 portae
895 4688 1144 4756 moderationem
1164 4709 1276 4775 pamm
1298 4684 1442 4752 animad-
