3509 5442
854 558 899 626 ιι
1363 524 1482 632 mr'

321 729 418 796 lebet
432 733 568 818 ulmus,
584 751 648 796 non
661 729 823 813 antiquins
844 729 900 795 illo
925 730 1115 819 vocabulum
1130 783 1137 811 ‚
1154 730 1241 814 quod
1260 739 1334 797 ante
1348 734 1426 799 Ver·

321 832 434 915 gilium
458 838 490 898 et
503 833 628 899 Livium
649 853 714 897 non
736 831 805 897 sine
820 832 1007 915 pronomine
1033 833 1165 899 relativo
1187 839 1380 917 posuerunt,
1396 840 1431 898 ut

321 959 427 1002 omnes
435 936 583 1002 mortales
595 936 772 1021 qur’ubique
780 949 865 1013 sunt,
879 933 971 1017 quasi
980 933 1140 1001 dieasurer
1152 936 1220 1001 und
1229 962 1275 1002 uro
1287 938 1333 1001 sie
1342 935 1418 1000 sind
1419 962 1431 1019 5

321 1042 353 1102 ul
364 1036 542 1103 Sallustius
553 1036 587 1101 in
598 1035 736 1102 Catilina
746 1040 824 1119 37‚5
837 1039 896 1122 qui
903 1037 1016 1121 ubique
1021 1037 1141 1122 probro
1153 1052 1245 1124 atque
1252 1039 1430 1124 petulantia

319 1141 426 1225 mapale
438 1139 663 1226 praestabant,
678 1175 722 1183 —
736 1139 766 1202 ii
776 1138 910 1203 Romam
923 1138 1157 1222 confluxerunt,
1173 1138 1321 1222 idemque
1336 1141 1370 1203 in
1383 1139 1431 1202 in·

319 1239 540 1322 terrogalione
550 1237 668 1303 ibidem
680 1243 731 1317 21,
746 1243 762 1305 1
779 1239 877 1324 quid,
894 1240 1027 1324 ubique,
1044 1242 1113 1324 opi's
1125 1255 1181 1305 aut
1191 1245 1262 1327 spei
1270 1243 1416 1307 iuberent
1422 1293 1431 1324 ‚

319 1341 486 1424 quomodo
500 1341 542 1405 M.
558 1340 684 1405 Tullius
702 1339 745 1405 de
767 1337 962 1405 divinatione
978 1363 1012 1416 11,
1021 1345 1063 1408 94
1078 1345 1137 1427 qui
1153 1356 1281 1427 ventus,
1298 1347 1357 1430 qui
1373 1347 1430 1409 iin-

320 1445 376 1510 ber
387 1493 397 1527 ,
420 1468 504 1530 quoe
532 1455 696 1528 tempestae
717 1443 832 1527 ubique
854 1443 917 1505 sit.
942 1446 1082 1531 aeterum
1109 1443 1306 1527 ineptissime
1334 1452 1434 1528 agunt

322 1545 378 1628 qui
391 1544 478 1610 haee
492 1541 649 1609 vocabula
670 1563 773 1622 nova,
790 1542 851 1607 hoo
874 1549 923 1608 est
938 1563 1070 1624 quomm
1095 1550 1184 1609 aetas
1199 1545 1318 1611 litteras
1341 1547 1433 1613 nobis

322 1653 470 1713 servatas
490 1664 556 1709 non
571 1652 717 1729 superat,
736 1645 848 1711 eodem
871 1645 942 1708 loeo
957 1642 1076 1708 habent
1097 1666 1168 1710 cum
1184 1647 1431 1733 antiquissimis,

324 1749 435 1833 qualia
456 1751 650 1833 saniusque
671 1747 811 1833 undique
830 1749 1017 1834 plerumque
1040 1761 1189 1835 utusque.

411 1854 485 1920 641.
508 1870 551 1912 nn
574 1870 889 1914 cocnnnmcmns.
913 1849 950 1911 ln
972 1847 1110 1932 oblongo
1135 1855 1347 1916 aeorreetore
1369 1851 1433 1917 fae·

324 1960 392 2020 tum
420 1973 713 2018 conveniemus:
737 1949 910 2034 quadratus
945 1965 972 2015 et
1005 1951 1092 2036 quod
1121 1954 1322 2018 turnicibus.
1347 1957 1432 2017 recte

325 2055 476 2122 scribitur
497 2052 584 2139 apud
604 2054 751 2118 Plautum
766 2104 774 2132 ,
790 2051 903 2118 eadem
925 2051 1046 2134 primae
1068 2054 1214 2138 syllabae
1237 2053 1432 2136 quantitate,

325 2156 359 2221 in
381 2154 532 2221 Asinaria
545 2177 592 2235 m,
604 2161 633 2239 3,
648 2160 688 2224 76
703 2158 766 2221 Die
788 2180 836 2220 me
858 2157 959 2240 ipitm
981 2167 1068 2220 tuum
1086 2149 1324 2242 passerculum,
1338 2158 1433 2245 palli·

325 2283 422 2342 ncm,
439 2259 646 2338 coturnicem,
663 2262 695 2320 et
714 2256 748 2321 in
765 2255 907 2339 Captivis
923 2278 952 2334 V,
964 2260 1027 2334 4,6
1050 2258 1117 2323 Aut
1138 2262 1239 2325 anites
1261 2273 1316 2324 cul
1333 2274 1433 2324 cotur-

326 2365 413 2428 nices
439 2361 576 2436 daretur,
596 2360 721 2444 quicum
752 2360 902 2423 lusitent.
924 2357 1027 2441 Caper
1053 2360 1279 2441 grammaticus
1302 2381 1332 2444 p.
1350 2365 1433 2430 2248

327 2464 534 2544 Guturniees,
549 2484 611 2525 non
632 2461 840 2525 cocturniees.

414 2567 488 2634 642.
510 2563 551 2627 In
574 2582 710 2632 omnus
733 2583 778 2624 ur
800 2581 884 2624 mun
907 2583 1022 2626 senus
1036 2612 1043 2626 .
1059 2564 1254 2645 Lambinus,
1270 2566 1349 2631 nihil
1370 2587 1435 2632 me·

326 2686 458 2732 morans
470 2715 479 2746 ‚
493 2665 552 2730 sed
567 2668 674 2742 reete,
690 2662 743 2728 Ur
758 2664 871 2750 quibus
886 2660 995 2748 mflut
1009 2667 1101 2730 rebus
1116 2690 1297 2753 capnoscere
1307 2671 1435 2754 possis.

412 2773 487 2838 648.
510 2768 678 2831 Pnomnn
700 2782 743 2829 nr
766 2787 963 2829 snulnlsus
980 2779 1172 2830 consnnnn
1193 2790 1435 2842 vnsmnroun
1519 2833 1522 2838 .

327 2891 487 2936 excuse.
507 2869 556 2932 Ita
576 2866 671 2932 libri.
693 2866 751 2933 sed
773 2882 801 2933 et
831 2864 872 2930 ad
895 2868 1082 2932 sententiam
1110 2869 1188 2934 nihil
1211 2870 1300 2936 addit
1321 2879 1352 2937 et
1373 2875 1437 2938 Lu·

328 2971 420 3040 eretii
443 2967 667 3038 consuetudini
689 2975 863 3053 repugnat.
885 2969 975 3033 nulla
997 2970 1264 3040 demonstratione
1288 2996 1368 3058 opus
1391 2982 1439 3041 est

329 3081 363 3141 ut
386 3072 592 3155 intellegetur
617 3068 818 3135 scribendum
845 3087 917 3135 esse
942 3071 1080 3138 Proinde
1101 3096 1147 3137 ex
1169 3079 1339 3142 seminibus
1368 3104 1437 3143 eon-

329 3189 416 3243 nant
436 3195 628 3239 vnnrnnrn
640 3172 776 3258 fipura:
799 3191 873 3235 nam
901 3192 939 3236 eo
969 3193 1100 3255 prorsus
1127 3175 1223 3242 modo
1252 3177 1363 3244 eadem
1386 3200 1438 3245 res

329 3278 445 3344 dieilm
467 3276 548 3341 libro
563 3299 597 3356 11,
612 3278 672 3342 722
685 3323 693 3351 ‚
708 3275 755 3338 ite
778 3299 934 3361 quamque
957 3292 1106 3344 necessest
1121 3281 1287 3346 Dissimili
1299 3295 1440 3347 constare

321 3384 435 3470 figura
451 3380 689 3466 principiorum
700 3400 711 3459 ;
736 3378 781 3440 ile
792 3425 801 3459 ,
823 3396 888 3440 non
910 3379 957 3441 ite
983 3392 1033 3460 et,
1056 3400 1161 3463 neque
1189 3397 1331 3449 coustant
1346 3386 1440 3470 prin-

330 3486 427 3572 cipiis
455 3495 483 3547 et
494 3482 608 3569 fipure
639 3476 810 3542 dissimilia
838 3493 931 3557 sunt,
951 3479 1038 3561 qued
1064 3483 1238 3549 absurdum
1260 3485 1362 3565 foret,
1383 3483 1441 3551 sed

330 3584 499 3652 Dissimili
506 3583 741 3670 principiorum
753 3581 869 3667 fipure
892 3579 958 3644 sive
973 3587 1144 3650 sensisibus
1156 3587 1271 3673 fipurn
1286 3592 1438 3653 uariante.

417 3690 491 3755 655.
513 3703 626 3748 nemo
649 3703 714 3745 ur.
734 3681 783 3746 Ita
803 3681 962 3766 oblongus
986 3689 1017 3748 et
1037 3686 1194 3752 Antonius
1216 3688 1439 3752 Florentinus:

332 3788 509 3875 quadratus
531 3791 562 3850 et
584 3784 661 3849 olim
682 3783 829 3867 impressi
853 3805 918 3848 non
938 3784 1060 3852 habent
1081 3801 1135 3851 ut.

420 3894 493 3960 659.
516 3907 715 3951 nnvnssrun
738 3907 927 3951 cosroen.
943 3888 1014 3952 Itali
1037 3889 1228 3954 coenose.

419 3997 493 4062 660.
517 4010 683 4054 cnonas.
707 3987 876 4054 Correetor
899 3991 1045 4073 quadrati
1068 3998 1098 4056 et
1121 3992 1217 4058 ceteri
1240 4013 1401 4056 clunes,

420 4097 493 4163 662.
516 4093 640 4157 Aspre
667 4112 861 4155 nruuosuu
880 4143 887 4157 .
909 4093 981 4157 Itali
1004 4101 1035 4158 et
1057 4094 1231 4160 Brixiensis
1254 4093 1350 4159 editio
1373 4097 1441 4161 As·

330 4218 427 4263 enee
449 4215 630 4258 nmmum.

420 4300 493 4366 671.
538 4299 611 4365 672.
656 4294 835 4368 Ursinus
868 4320 956 4360 nrum
990 4321 1079 4362 sune
1116 4322 1152 4362 ιιι
1186 4315 1316 4364 nunnus
1351 4324 1442 4366 con-

331 4422 453 4468 ωτι
494 4420 658 4477 sneons;
696 4398 736 4462 In
780 4422 879 4470 ouon
920 4423 985 4465 mu
1026 4425 1166 4467 surena
1208 4426 1285 4466 r1e1
1328 4424 1441 4466 senen

333 4524 569 4571 osrnnniuus
592 4522 710 4565 Anne.
735 4499 786 4566 Ad
809 4500 889 4568 haee
910 4505 1085 4570 Lambinus
1108 4505 1303 4571 confidenter
1324 4502 1443 4568 adseri·

330 4607 381 4674 bit
408 4628 442 4670 11>
466 4627 554 4677 onon
583 4625 641 4668 mu
669 4603 811 4692 sarens)
838 4607 892 4671 lib.
908 4609 948 4672 2.
976 4606 1060 4672 hunc
1087 4605 1132 4671 ita
1161 4607 1364 4672 mentientem
1395 4623 1444 4669 se·

330 4713 450 4790 cuntur
472 4705 620 4776 ananus
648 4711 680 4773 et
705 4706 850 4774 Peneus.
876 4705 1098 4776 Wakefieldus
1125 4707 1232 4792 inepte
1257 4707 1444 4791 interpreta-
