3509 5442
799 602 951 645 nncnusm
1409 581 1429 646 9

317 753 484 834 dragenos
512 757 682 835 septenos,
706 771 885 836 perpaucae
913 750 1137 832 quadragenos
1164 757 1295 815 octonos
1320 769 1431 814 versus

318 855 591 938 amplectantur,
614 853 724 917 ultima
750 853 975 935 quadragenos
1001 859 1108 917 ternos
1135 852 1320 930 contineat’;
1348 870 1431 932 quae

319 976 517 1038 quamquam
539 956 635 1039 paulo
658 954 814 1019 curiosius
838 954 984 1035 exposita
1004 954 1139 1030 vellem,
1163 973 1304 1018 summae
1326 959 1432 1015 tamen

319 1057 402 1122 satis
428 1058 509 1121 inter
540 1077 575 1122 se
599 1055 811 1121 conveniunt.
835 1061 901 1118 tum
929 1075 994 1118 una
1023 1053 1140 1118 scheda
1168 1054 1284 1136 periit,
1307 1053 1340 1117 in
1368 1073 1432 1134 qua

317 1158 450 1224 fuerunt
471 1179 583 1224 versus
605 1157 677 1222 libri
692 1162 932 1234 11457-640,
955 1176 1086 1221 numero
1109 1159 1173 1243 (tot
1195 1156 1279 1220 enim
1301 1156 1335 1219 in
1355 1175 1432 1236 qua·

319 1261 415 1324 drato
439 1262 532 1346 sunt)
552 1265 631 1337 188,
655 1259 709 1341 qui
738 1264 811 1322 sunt
841 1264 952 1338 quater
976 1258 1173 1341 quadrageni
1199 1257 1342 1341 septeni.
1358 1276 1432 1319 narn

320 1382 345 1426 a
365 1380 460 1426 versu
482 1362 556 1427 libri
578 1366 677 1429 11641
702 1360 824 1424 initium
847 1359 967 1422 ducunt
988 1358 1125 1425 schedae
1145 1359 1431 1434 Vindobonenses,

320 1462 440 1544 quibus
463 1461 606 1526 eiusdem
634 1461 753 1526 codicis
775 1460 961 1543 particulam
988 1461 1142 1526 contineri
1169 1462 1245 1525 mihi
1267 1460 1344 1525 satis
1366 1479 1433 1523 cer·

319 1569 393 1626 tum
413 1563 557 1642 videtur3
575 1563 660 1644 quod
682 1562 883 1626 manifestum
906 1561 1011 1628 facere
1034 1584 1182 1646 possem,
1205 1563 1266 1627 nisi
1281 1564 1433 1626 Purman-

320 1685 385 1728 nus
407 1685 437 1748 p.
453 1671 491 1733 15
508 1669 593 1734 6116
612 1663 845 1728 dissertationis
866 1663 900 1727 in
923 1664 1134 1729 describenda
1155 1664 1343 1729 schedarum
1359 1683 1433 1728 con-

320 1765 451 1830 dicione
467 1771 596 1829 auctore
612 1785 690 1829 usus
707 1772 792 1829 esset
807 1786 919 1847 parum
934 1767 1071 1844 idoneo,
1089 1766 1143 1847 qui
1165 1786 1205 1830 ne
1227 1765 1288 1829 hoc
1303 1763 1432 1845 quidem

321 1866 490 1932 didicisset
511 1867 551 1930 de
572 1866 687 1930 laceris
709 1887 747 1930 ac
760 1866 923 1949 dispersis
945 1867 1129 1932 necessario
1153 1874 1230 1948 quot
1250 1866 1283 1929 in
1306 1884 1433 1946 quaque

321 1969 444 2053 pagina
458 1988 570 2052 versus
586 1973 692 2032 essent
706 1967 875 2031 dicendum
892 1988 962 2033 esse
979 2018 986 2032 .
1010 1975 1133 2033 constat
1147 1975 1254 2033 tamen
1268 1967 1328 2031 has
1343 1965 1434 2030 sche-

322 2070 384 2134 das
399 2070 516 2153 pariter
530 2075 625 2151 atque
640 2069 842 2134 Haunienses
856 2070 976 2135 hahere
991 2071 1126 2153 paginas
1140 2069 1325 2152 bipertitas:
1348 2068 1434 2132 End-

321 2170 462 2234 licherus
491 2171 525 2234 in
553 2173 698 2252 catalogo
729 2171 873 2237 codicum
904 2172 1200 2237 vindobonensium
1227 2191 1288 2254 rp.
1308 2178 1350 2238 54
1378 2188 1434 2234 eas

321 2272 369 2334 ‘in
391 2271 479 2335 folio'
501 2271 634 2355 scriptas
656 2272 750 2350 dicit,
773 2275 972 2337 Purmannus
994 2274 1028 2336 in
1049 2276 1173 2355 ‘quarto
1189 2272 1342 2338 maiore':
1366 2291 1435 2337 sae·

322 2374 398 2438 culo
421 2372 543 2437 decimo
566 2375 625 2437 has
647 2373 798 2438 adscribit
811 2374 1042 2454 Endlicherus,
1059 2376 1299 2458 Gottorpienses
1322 2380 1434 2438 octavo

323 2493 450 2538 nonove
480 2475 573 2539 nimis
608 2475 783 2540 liberaliter
814 2477 962 2541 Gudius.
990 2477 1070 2541 liber
1102 2476 1240 2542 Lucretii
1274 2459 1434 2540 secundus

322 2578 367 2642 ab
397 2596 435 2640 eo
461 2597 555 2641 versu
582 2597 676 2658 quem
702 2577 768 2641 dixi
798 2583 883 2643 totus
911 2578 1148 2664 (641-1174)
1171 2584 1296 2662 praeter
1324 2595 1435 2641 versus

323 2679 391 2743 duo
414 2684 446 2743 et
460 2677 692 2761 quinquaginta
707 2679 924 2765 (tot—806)
948 2680 1104 2759 omissos,
1120 2681 1195 2744 item
1218 2679 1300 2744 tertii
1323 2698 1435 2743 versus

323 2781 419 2864 primi
447 2784 533 2862 621,
562 2800 644 2862 quae
679 2781 772 2845 simul
801 2780 940 2847 efficiunt
971 2802 1083 2848 versus
1109 2781 1304 2864 conscriptos
1332 2781 1434 2857 1129,

323 2882 388 2945 hoc
415 2887 462 2944 611
491 2881 611 2946 viciens
639 2888 750 2963 quater
777 2882 1003 2965 quadragenos
1026 2890 1174 2968 septenos
1201 2888 1232 2947 et
1253 2901 1373 2958 unum,
1398 2898 1437 2944 ea

326 2986 446 3051 suntin
457 3003 514 3049 sex
525 2983 684 3066 prioribus
701 2983 827 3049 schedis
840 2985 1158 3063 Vindobonensihus,
1173 2982 1328 3049 columnis
1339 3004 1435 3044 xxrv:

325 3108 400 3152 nam
416 3083 502 3168 quod
518 3090 566 3149 est
580 3083 666 3167 apud
681 3086 895 3152 Purmannum
912 3109 943 3171 p.
959 3093 1018 3166 16,
1035 3086 1172 3151 ‘Desinit
1186 3086 1240 3151 fol.
1257 3091 1315 3162 14,
1330 3084 1372 3160 b,
1392 3082 1436 3165 1,'

323 3189 388 3253 hoc
419 3194 467 3252 est
496 3188 643 3252 columna
665 3209 771 3265 xxm,
795 3209 877 3270 quae
912 3195 959 3253 611
986 3189 1206 3272 paenultima,
1229 3208 1338 3252 verum
1365 3203 1437 3250 esse

327 3310 394 3354 non
416 3296 540 3372 potest,
557 3289 583 3352 si
606 3309 665 3354 nos
688 3290 817 3354 credere
837 3293 976 3375 postulat
999 3311 1082 3374 quae
1105 3291 1260 3369 subiecit,
1276 3291 1353 3354 'non
1373 3307 1439 3352 una

326 3412 361 3457 re
390 3410 545 3476 apparere
567 3390 682 3454 librum
711 3391 787 3455 olim
813 3393 970 3475 integrum
997 3393 1130 3459 fuisse.'
1149 3392 1206 3458 sed
1232 3390 1363 3473 reliquis
1385 3407 1438 3453 oo·

324 3496 443 3560 lumnis
470 3494 721 3577 quattuordecim
749 3495 812 3580 (tot
839 3497 922 3561 enim
946 3502 1135 3579 supersunt:
1157 3515 1231 3559 narn
1259 3492 1293 3558 in
1320 3490 1439 3557 scheda

326 3597 452 3662 decima
480 3616 573 3661 versa
595 3596 746 3679 scripturn
774 3605 822 3661 est
844 3599 1004 3664 Iuvenalis
1028 3599 1195 3663 satirarum
1216 3593 1357 3679 initium)
1380 3612 1437 3656 nu-

325 3699 406 3764 meri
429 3698 630 3764 Haunienses
657 3720 722 3763 non
750 3701 960 3780 conveniunt,
983 3700 1041 3766 sed
1063 3700 1256 3783 ampliores;
1280 3713 1378 3778 quare
1404 3693 1438 3757 in

326 3802 377 3867 his
401 3802 588 3885 scripturam
611 3800 757 3885 suspicor
784 3823 855 3866 6116
877 3803 1115 3884 angustiorem.
1132 3806 1182 3866 est
1205 3799 1288 3863 enim
1316 3795 1361 3861 ibi
1384 3815 1437 3859 ex-

327 3912 430 3969 trema
455 3925 531 3988 pars
552 3903 626 3968 libri
655 3903 735 3968 sexti
764 3922 784 3965 a
805 3922 900 3967 versu
918 3909 999 3981 740,
1022 3923 1135 3968 versus
1150 3908 1233 3981 558,
1254 3906 1320 3964 tum
1349 3904 1438 3963 extra

327 4007 438 4086 elusa,
453 4025 566 4071 versus
581 4009 666 4083 2123
683 4004 737 4085 qui
759 4004 838 4069 fiunt
860 4006 954 4070 simul
976 4024 1088 4069 versus
1106 4010 1187 4074 770.
1204 4004 1285 4068 ratio
1310 4000 1437 4067 confici-

325 4114 397 4187 tur,
414 4107 442 4172 si
463 4108 525 4171 hae
553 4108 719 4172 columnae
743 4107 995 4189 quattuordecim
1022 4106 1168 4188 singulae
1196 4112 1269 4171 sunt
1289 4123 1437 4169 versuum

327 4209 588 4291 quinquagenum
612 4208 763 4291 quinum.

415 4311 519 4376 Nimis
541 4310 641 4374 multa
663 4310 739 4374 mihi
761 4311 801 4376 de
823 4312 863 4376 iis
887 4332 968 4393 quae
984 4312 1146 4378 minimam
1162 4312 1329 4377 utilitatem
1351 4307 1438 4373 adfe-

327 4422 400 4480 runt
416 4414 553 4480 dicenda
567 4413 667 4479 fuisse
686 4432 783 4494 aegre
805 4414 873 4479 fero
888 4439 894 4477 :
912 4416 1014 4481 omnis
1035 4416 1117 4480 eninr
1133 4419 1276 4480 vetustae
1290 4410 1439 4477 lectionis

328 4518 484 4583 memoria
505 4537 523 4580 e
538 4515 704 4581 Vossianis
720 4514 884 4581 codicibus
899 4518 1074 4600 repetenda
1096 4522 1164 4596 est;
1186 4513 1248 4580 nisi
1274 4514 1369 4597 quod.
1383 4512 1438 4575 ob-

327 4621 426 4702 longo
459 4619 554 4683 fidem
583 4618 742 4683 interdum
770 4617 873 4683 Italici
900 4620 1076 4702 abrogant,
1098 4617 1244 4703 quadrati
1270 4613 1438 4680 auctorita-

328 4730 394 4788 tem
422 4722 615 4804 aliquando,
631 4729 666 4786 ut
692 4721 777 4799 dixi,
793 4720 973 4785 inminuunt
1000 4723 1158 4787 schedae.
1180 4719 1245 4782 iarn
1272 4717 1300 4782 si
1326 4715 1439 4780 eadem
