3509 5442
855 554 900 621 1v
1366 559 1430 626 235

316 747 389 790 nnn
406 747 538 789 mnne.
554 721 737 801 Quadratus
755 746 820 790 non
835 725 932 790 habet
946 752 1050 792 none:
1065 725 1220 793 Marullus
1236 726 1319 794 male
1333 752 1430 793 eoem:

319 827 397 892 Itali
429 829 623 898 Umbeaonn
647 829 928 899 annectendam
952 855 1053 894 aune.

410 934 484 998 393.
508 951 707 994 nawense.
724 930 892 1015 Oblongus
906 934 1061 1014 rectaene,
1082 958 1103 997 o
1119 932 1367 1017 superscripto:
1384 957 1430 998 re-

324 1036 430 1099 oseem
451 1029 646 1114 quadratus.

412 1139 485 1203 395.
507 1155 655 1198 mannan
681 1157 724 1199 nn
753 1157 848 1200 uuna
876 1158 1058 1200 unsrun.
1081 1135 1264 1214 Quadratus
1294 1152 1433 1203 moneret

326 1252 353 1304 ee
374 1239 493 1303 lemniae
515 1236 657 1302 viderer.
672 1237 797 1303 videtur
810 1236 1017 1321 interpretum
1038 1239 1153 1306 levitas
1175 1239 1333 1325 patienter
1354 1239 1433 1305 tole·

326 1345 393 1406 rat:
411 1337 509 1405 debet
530 1357 602 1404 esse
623 1359 920 1420 v1nnnrnn,oum
943 1345 1094 1424 sequatur
1116 1366 1153 1406 ea
1175 1367 1257 1427 qnae
1269 1342 1364 1428 ferri
1382 1365 1433 1406 reo

327 1441 448 1507 indicat
468 1443 562 1528 droa.

413 1548 487 1612 397.
510 1541 798 1615 Exsnnsnrsoun
814 1566 958 1609 neonus
973 1566 1090 1608 nnnro
1106 1566 1151 1606 nn
1168 1565 1328 1609 onosma
1343 1567 1433 1609 uos·

327 1671 401 1711 ms.
418 1644 615 1711 Nominativi
629 1643 805 1730 pendentes
819 1645 1020 1712 Wakefieldo
1042 1651 1073 1711 et
1087 1644 1263 1730 Forbigero
1285 1647 1432 1732 placent,

326 1749 448 1815 scilicet
469 1747 694 1832 grammaticae
715 1747 893 1832 imperitis.
916 1748 1069 1813 Marullus
1098 1767 1175 1812 suae
1201 1747 1342 1814 fabricae
1364 1769 1434 1814 ver·

327 1873 421 1929 snm,
450 1867 588 1933 eumque
614 1855 645 1915 et
669 1848 910 1915 immodulatum
936 1857 967 1916 et
993 1870 1090 1917 sensu
1116 1869 1266 1928 cassum,
1292 1850 1432 1917 infersit.

326 1951 511 2036 simpliciter
533 1949 735 2016 scribendum
759 1955 807 2015 est
828 1951 968 2018 Euocant
989 1974 1108 2023 usone
1124 1954 1260 2037 procel.

414 2059 488 2124 406.
511 2053 614 2131 Quos
641 2076 702 2117 nni
731 2075 805 2117 nnn
833 2076 970 2117 suras.
994 2054 1149 2118 Marullus
1176 2056 1225 2118 ibe·
1244 2071 1327 2139 tom,
1349 2055 1435 2138 qnod

325 2177 391 2221 non
414 2161 464 2221 est
485 2155 667 2221 Lucretiam
688 2175 786 2222 usus.
806 2157 989 2240 Naugerius
1011 2179 1105 2219 n1n1.

397 2263 489 2328 409.
512 2259 583 2323 V1x
603 2279 717 2321 nomn
740 2281 877 2323 cuneus
895 2281 1127 2330 comesuros
1147 2282 1261 2323 sanes
1277 2283 1434 2325 venum.

325 2363 444 2428 Festus
458 2380 489 2444 p.
505 2364 576 2443 375,
590 2364 630 2428 27
661 2362 775 2426 Veneta
789 2363 866 2448 pilo
882 2361 1050 2445 de’eootnr,
1067 2363 1190 2448 quod..
1208 2365 1321 2448 (veluti
1339 2388 1436 2429 verca

325 2462 464 2549 Paulus)
486 2463 618 2528 debeant
629 2464 796 2550 praefica.
812 2465 938 2528 Manius
962 2464 1006 2528 li.
1022 2486 1044 2527 x
1056 2512 1063 2528 .
1076 2514 1083 2528 .
1097 2514 1104 2528 .
1117 2489 1229 2528 earcuo
1252 2469 1437 2551 quingentos

325 2590 423 2653 saepe
444 2566 549 2630 cerati
558 2613 565 2629 .

415 2671 488 2735 414.
511 2665 563 2730 an
586 2689 790 2732 comnenus
813 2689 932 2739 noun.
955 2666 1128 2732 Verissime
1151 2667 1325 2733 Lambinus
1348 2690 1437 2732 eos·

325 2791 469 2835 necrus
490 2795 611 2856 oquae.
628 2775 713 2836 recte
727 2768 914 2834 Frontinum
930 2773 1089 2833 auctorem
1116 2768 1221 2834 ferunt
1242 2769 1366 2853 lexiea,
1384 2771 1438 2853 qui

327 2874 411 2939 dixit
431 2873 465 2938 in
486 2871 566 2936 libro
589 2871 689 2956 primo
712 2870 753 2937 de
769 2869 993 2938 controversiis
1015 2890 1164 2953 agrorum
1178 2892 1209 2956 p.
1223 2875 1307 2950 23,8
1329 2875 1361 2937 ei
1380 2874 1436 2938 eol

329 2980 430 3043 lectas
452 2974 606 3063 pluviales
630 2998 731 3060 aquae
757 2989 974 3040 transversum
999 2998 1109 3037 secans
1125 2974 1228 3059 finem
1250 2975 1284 3037 io
1306 2975 1438 3040 alteriue

319 3079 468 3168 faedam
494 3077 616 3162 *refluit
636 3072 720 3140 adde
745 3075 818 3140 libri
836 3099 873 3138 1n
893 3093 1018 3140 versum
1038 3078 1117 3156 198,
1138 3073 1194 3138 ubi
1220 3080 1269 3140 cst
1295 3076 1439 3162 lapidum

329 3183 506 3259 coniectae,
522 3177 577 3262 qui
599 3175 694 3242 debet
716 3196 788 3243 esse
809 3177 982 3242 conlectos.
998 3175 1032 3239 fit
1054 3176 1138 3240 enim
1160 3178 1314 3242 coniectus
1337 3179 1438 3244 oculo-

330 3286 450 3365 arem,
463 3282 607 3362 dracchi,
624 3282 767 3362 animae,
784 3280 1002 3344 elementorum
1013 3277 1081 3344 sive
1092 3281 1261 3361 materiae,
1277 3281 1350 3364 teli,
1368 3300 1439 3346 cum

330 3404 390 3451 eae
418 3402 468 3448 res
496 3381 530 3446 in
560 3379 666 3446 locum
694 3380 833 3463 aliquem
864 3380 1086 3446 coniciuntur.
1109 3380 1219 3462 itaque
1252 3387 1336 3448 recte
1362 3380 1441 3447 dixit

330 3484 504 3553 Sallustius
529 3484 561 3548 in
581 3481 787 3548 historiarum
809 3482 891 3548 libro
907 3507 943 3546 m
963 3484 1057 3548 solito
1084 3508 1104 3547 a
1116 3483 1273 3570 supitiois
1299 3486 1441 3550 convicia

332 3604 359 3656 et
382 3592 418 3654 in
440 3601 547 3653 castra
568 3587 723 3652 coniectas
746 3585 911 3672 lepidam.

418 3693 492 3757 417.
516 3709 623 3752 cunm
645 3708 760 3750 nanus
783 3708 891 3751 smus
914 3688 1124 3751 n1nnus.ln
1146 3687 1301 3770 quadrato
1324 3686 1440 3750 factum

332 3815 448 3859 surus
471 3811 492 3855 a
513 3793 711 3855 correctore.
733 3789 779 3855 sio
802 3790 873 3854 Itali
897 3794 928 3853 et
949 3788 1114 3874 impressi.

418 3897 493 3962 418.
515 3895 589 3960 419.
616 3891 763 3957 Nunms
790 3914 997 3956 nnsrrcnnn
1032 3913 1075 3953 nn
1105 3910 1251 3952 caunum
1278 3911 1442 3953 vrnuaau

332 4019 493 4080 vmnnn,
510 3993 687 4060 Oonronn
709 4017 875 4059 nrnnnnn
900 4017 964 4058 sun
989 4014 1127 4057 nonnas
1142 4013 1279 4055 annm
1303 4012 1441 4056 canno,

333 4099 500 4181 Oblongus
522 4096 619 4162 habet
643 4101 774 4163 ocante
796 4097 943 4180 videare,
965 4095 1052 4179 quod
1078 4095 1111 4159 in
1137 4092 1247 4159 codiee
1269 4092 1443 4179 archetypo

333 4197 583 4286 superscriptum
609 4199 706 4266 fuisse
734 4205 835 4285 puto,
863 4203 898 4262 ut
928 4204 1012 4263 certe
1040 4195 1126 4281 prior
1151 4194 1265 4261 horum
1294 4216 1444 4263 versuum

332 4301 479 4384 intellegi
500 4308 630 4387 posset.
646 4302 707 4368 hoc
729 4317 763 4367 oc
781 4301 821 4366 de
836 4300 964 4365 Marulli
980 4299 1162 4364 coniectura
1185 4298 1273 4386 (nam
1288 4300 1444 4366 Antonius

333 4405 426 4472 Marii
453 4410 485 4471 et
512 4405 632 4490 primae
661 4405 817 4471 editiones
842 4423 908 4467 non
933 4400 1066 4487 habent)
1095 4407 1284 4487 receperunt
1313 4420 1443 4483 omnes,

334 4514 445 4574 cetera
471 4507 567 4573 variis
595 4506 699 4573 modis
720 4510 913 4590 temptarunt
933 4504 1017 4570 alins
1039 4503 1104 4586 alio
1125 4503 1308 4570 infelicius.
1328 4501 1445 4566 Marul-

334 4612 385 4675 lus
406 4609 478 4694 ipse
492 4611 614 4677 Nobile
629 4612 788 4699 despicere
810 4624 838 4675 et
853 4609 973 4674 caelum
990 4606 1065 4692 (hoc
1080 4605 1200 4672 scilicet
1216 4605 1349 4692 praebet
1370 4621 1444 4666 con·

333 4715 437 4783 iectus
454 4712 574 4802 aquae)
584 4762 594 4799 ,
609 4727 644 4780 at
663 4712 790 4780 videare
811 4711 919 4780 videre
940 4711 1081 4798 Corpora
1103 4706 1251 4774 mirando
1273 4707 1330 4772 seb
1351 4705 1444 4772 terrie
