3509 5442
856 518 900 584 Vl
1367 526 1432 592 407

319 690 462 774 denique
480 686 632 775 gentilia,
655 692 691 753 ut
708 689 813 774 Syra,
835 687 869 752 in
884 689 1059 754 Mercatore
1074 695 1189 773 rv,5‚6
1204 692 1344 757 Adstdre
1359 705 1432 759 aras

318 792 414 859 aas
425 841 433 856 .
446 785 550 881 Sy'ra.
566 793 639 877 qais
654 804 699 856 est
713 792 772 877 qai
783 795 833 854 ml
846 793 957 855 cacat?
971 795 1003 855 et
1017 791 1147 874 propria
1162 791 1254 875 quasi
1268 812 1309 859 ex
1324 791 1432 858 adiec-

318 892 395 958 iivis
419 890 611 973 gentilibus,
634 899 669 956 ut
689 893 755 959 Ilia
775 890 892 970 Ennii,
915 894 1032 980 Pythia
1054 893 1215 972 Lucretii,
1238 895 1354 958 Lesbia
1369 893 1430 958 Ca·

316 991 413 1057 tulli.
436 991 604 1076 regionum
625 1011 753 1077 quoque
775 993 905 1058 nomina
926 994 967 1057 ab
991 1014 1049 1059 usu
1066 994 1188 1060 Graeco
1212 993 1430 1074 desciverant,

318 1099 357 1158 ut
370 1095 529 1182 Bithynia
544 1097 692 1178 Achaia;
706 1093 781 1158 item
798 1092 957 1160 adjectiva
973 1095 1097 1177 omnia,
1114 1102 1149 1160 ut
1162 1097 1381 1178 Rhamnusia,
1396 1102 1432 1161 ut

319 1197 490 1278 Lernaea,
513 1202 547 1260 ut
558 1197 647 1282 fides
669 1195 831 1280 Cyllenia.
854 1201 1015 1280 postremo
1031 1199 1226 1282 Philomela,
1250 1194 1336 1280 quod
1351 1197 1431 1262 Ver-

319 1295 422 1379 gilius
444 1302 476 1361 et
490 1294 623 1362 Ovidius
646 1296 837 1379 corripiunt,
858 1297 1045 1381 antiquioris
1064 1305 1197 1383 poetae,
1219 1298 1355 1364 fortasse
1369 1299 1430 1363 Aa·

320 1399 384 1483 cii,
410 1419 515 1466 errore
543 1397 701 1464 invectum
724 1397 889 1482 suspicor.
912 1399 1039 1464 lonicae
1061 1405 1167 1464 autem
1188 1399 1310 1477 vocali,
1334 1417 1430 1482 quem

319 1500 550 1584 Hertzbergrus
571 1499 612 1564 ad
626 1499 826 1584 Propertium
841 1524 874 1579 11,
890 1505 940 1580 14,
955 1507 975 1571 5
997 1524 1043 1583 ιιι,
1058 1506 1107 1582 19,
1122 1506 1161 1571 19
1183 1503 1286 1587 poetis
1307 1500 1431 1567 Latinis

319 1603 355 1668 in
378 1621 457 1668 casu
479 1607 564 1668 recto
585 1599 790 1684 producendo
813 1602 915 1665 solam
938 1601 1108 1681 concedit,
1134 1604 1168 1668 in
1193 1603 1300 1668 multis
1321 1622 1362 1667 ne
1383 1603 1431 1667 lo·

319 1724 379 1769 cus
395 1701 524 1786 quidem
539 1708 607 1781 est,
622 1721 728 1785 neque
743 1701 896 1767 credibile
912 1709 961 1768 est
975 1723 1014 1768 ea
1029 1704 1122 1769 unice
1137 1724 1214 1770 usos
1228 1723 1300 1771 esse
1315 1702 1431 1787 quibus

318 1804 550 1871 Andromedan
573 1804 732 1892 Glyceran
754 1805 893 1869 Phthiae
916 1805 1106 1893 Glaphyran
1127 1806 1257 1871 Maleas
1279 1806 1430 1871 Electran

319 1906 431 1973 dicere
453 1905 591 1990 placuit;
617 1905 803 1988 praesertim
832 1925 903 1970 cum
931 1926 970 1971 ea
992 1926 1075 1989 quae
1097 1906 1209 1971 Latine
1230 1904 1431 1991 corripienda

319 2014 414 2074 erant
435 2006 597 2072 rarissime
620 2005 661 2070 ad
676 1998 788 2071 lanum
810 2027 931 2073 morem
946 2008 1064 2073 inflexa
1078 2007 1304 2092 produxerint,
1324 2012 1359 2072 ut
1372 2004 1430 2071 ad-

319 2109 437 2175 ieetiva
457 2107 610 2191 gentilia,
633 2107 793 2190 Vergilius
815 2112 918 2176 Aonie
933 2114 1103 2197 Apasrs'ppe
1114 2161 1123 2193 ,
1145 2109 1264 2175 Statius
1286 2109 1430 2195 Paphie,

320 2211 470 2297 Paphien
483 2207 660 2276 Columella
671 2215 702 2273 et
712 2210 880 2291 Martialis
894 2211 991 2278 Silius
1003 2212 1132 2299 Ortypie
1143 2212 1318 2294 Arethusa,
1329 2209 1430 2275 idem·

320 2331 407 2396 que,
423 2317 458 2376 ut
468 2316 548 2394 puto
562 2360 570 2389 ‚
586 2312 661 2375 arba
676 2311 843 2398 Syracosia
858 2335 924 2391 xrv,
933 2317 1016 2390 277,
1032 2313 1088 2378 ubi
1104 2313 1288 2378 membrana
1302 2312 1354 2378 eui
1368 2309 1431 2377 soli

319 2414 403 2479 fides
418 2415 611 2501 Spraaasaa.
627 2411 717 2477 cuius
732 2414 860 2494 generis
874 2434 940 2478 non
961 2415 1060 2479 multo
1082 2415 1176 2498 plura
1198 2414 1247 2479 his
1268 2413 1431 2479 invenien-

320 2522 394 2594 tur3
416 2513 477 2579 nisi
500 2510 588 2597 quod
607 2511 746 2597 Statius,
771 2513 825 2595 qui
848 2535 920 2580 cum
942 2516 1174 2596 antiquioribus
1195 2514 1347 2599 produxit
1367 2515 1430 2580 Ne-

319 2641 393 2684 mea
407 2616 559 2681 Pasithea
576 2616 678 2702 Tepea
692 2616 801 2680 Malea
817 2616 927 2681 Midea
936 2665 945 2699 ,
964 2635 1035 2680 eum
1050 2615 1213 2700 Polynicis
1230 2635 1310 2679 uxor
1324 2617 1431 2701 Aspia

320 2723 409 2785 recto
431 2736 509 2782 casu
531 2714 667 2781 dicenda
689 2722 793 2800 essct,
817 2742 837 2782 a
856 2716 1045 2800 quinquiens
1065 2714 1215 2801 produxit
1234 2715 1267 2780 in
1286 2715 1368 2781 libro
1384 2737 1431 2780 xrr

319 2814 526 2900 Thebaidos,
541 2816 617 2882 item
629 2820 757 2905 Arpina
771 2818 804 2882 in
819 2823 909 2897 rv,9l
923 2869 931 2897 ‚
947 2818 1042 2882 nimis
1054 2817 1270 2897 Graecanica,
1286 2815 1345 2883 scd
1360 2815 1430 2896 siue

319 2918 571 3002 laterannis,
587 2919 736 3003 idemque
751 2946 771 2984 a
787 2920 875 2985 brevi
898 2920 1037 3004 septiens
1051 2921 1158 3007 Aspia
1178 2920 1211 2984 in
1225 2942 1250 2983 11
1263 2941 1300 2983 111
1314 2940 1349 2982 ιιι
1363 2939 1429 2981 xrr.

320 3020 404 3086 haee
429 3019 527 3102 paulo
557 3021 713 3087 curiosius
739 3020 909 3087 maemnda
934 3023 1066 3106 putavi,
1095 3027 1131 3086 ut
1156 3027 1189 3087 et
1210 3019 1430 3103 grammatico·

322 3142 393 3188 rum
419 3119 582 3187 levitatem
608 3128 753 3189 notarem
782 3123 872 3188 etin
899 3123 1037 3188 Lucretii
1063 3143 1158 3188 versu
1185 3121 1260 3187 huic
1288 3120 1430 3185 nomina-

322 3225 410 3303 tivo,
432 3222 487 3305 qui
516 3228 565 3289 est
592 3225 768 3307 ambrosia,
792 3222 886 3291 fidem
914 3224 1076 3291 iacerem.
1099 3245 1174 3290 nam
1196 3222 1342 3306 genetivo
1365 3247 1429 3288 am·

322 3329 449 3394 brasias
470 3323 572 3388 forma
586 3322 713 3390 Graeca
733 3325 818 3392 huna
839 3333 966 3410 poetam
982 3326 1101 3392 dixisse
1117 3349 1181 3392 non
1195 3325 1312 3404 credo,
1328 3323 1383 3408 qui
1396 3323 1431 3387 in

321 3427 410 3514 paris
431 3425 628 3492 condicionis
649 3427 806 3492 vocabulo
829 3430 1026 3495 harmoniam
1046 3434 1078 3496 et
1096 3431 1279 3496 harmoniai
1294 3425 1429 3492 dixerit.

322 3536 466 3598 ceterum
495 3527 670 3594 sententiae
700 3534 834 3614 uterque
863 3551 957 3596 casus
986 3551 1089 3614 aeque
1119 3531 1290 3610 convenit,
1318 3527 1432 3595 ablati·

321 3652 383 3700 vus
410 3636 517 3697 autem
546 3648 612 3694 non
640 3631 812 3697 convenit:
841 3652 916 3696 nam
938 3635 1069 3698 oleaster
1091 3653 1196 3715 neque
1217 3630 1378 3698 ambrosia
1400 3636 1432 3696 et

321 3740 452 3802 nectare
474 3734 576 3820 effluat
594 3751 698 3816 neque
717 3741 752 3798 ut
766 3733 922 3799 Lambino
938 3733 1040 3799 visum
1055 3739 1104 3798 est
1119 3733 1257 3820 affert,
1276 3731 1333 3796 sed
1348 3728 1430 3794 torte

322 3840 439 3927 ‹plflaat
449 3862 460 3920 ,·
481 3853 587 3918 neque
608 3833 694 3900 idem
716 3845 844 3901 nectare
866 3841 921 3900 aut
941 3834 1101 3900 ambrosia
1121 3831 1214 3915 quasi
1233 3832 1339 3897 colore
1354 3835 1429 3897 liac-

323 3957 375 4007 ras
402 3944 473 4004 est.
500 3936 599 4002 nihilo
628 3937 733 4003 minus
761 3939 841 4004 haee
868 3937 1057 4022 interpretes
1084 3935 1242 4020 patienter
1270 3933 1429 4016 tulerunt,

323 4062 397 4109 aum
423 4059 552 4105 manum
580 4045 692 4124 poetae
722 4038 852 4104 minima
880 4058 978 4123 opera
1003 4038 1169 4104 restituere
1196 4040 1328 4120 possent
1355 4035 1431 4100 scri-

323 4142 432 4212 bendo
455 4143 580 4230 Effluet
602 4143 760 4207 ambrosia
783 4139 852 4226 (vel
874 4141 1062 4227 ambrosiae)
1086 4143 1183 4227 quasi
1201 4165 1272 4206 aere
1294 4153 1323 4204 ct
1344 4161 1431 4202 une-

324 4246 424 4313 rsar'
452 4267 632 4309 erueras.
663 4243 795 4329 capellis
828 4241 912 4308 enim
944 4240 1022 4324 quid
1054 4243 1156 4326 magis
1187 4240 1351 4325 proprium
1384 4247 1432 4306 est

324 4350 450 4416 tincta?
473 4353 504 4412 et
524 4346 585 4413 hoc
608 4346 763 4412 vocabulo
784 4365 849 4409 non
868 4344 964 4410 modo
979 4335 1101 4410 Plinius
1120 4365 1197 4411 usus
1214 4349 1281 4422 est,
1303 4344 1360 4409 sed
1374 4362 1431 4426 po-

323 4451 385 4519 tuit
405 4449 492 4517 omui
513 4454 654 4532 tempore
678 4447 780 4532 quivis
802 4446 867 4512 uti.
890 4445 970 4514 haee
990 4446 1057 4513 scre
1078 4446 1238 4532 disputavi
1263 4445 1297 4510 in
1322 4449 1431 4527 proda-

324 4551 418 4631 dosi,
442 4570 525 4636 quae
547 4549 631 4616 facta
653 4555 701 4616 est
722 4569 805 4615 anno
827 4573 1022 4615 uncccxuvn
1044 4548 1095 4615 die
1117 4570 1195 4613 xxxv
1212 4545 1304 4630 Iulii,
1325 4562 1432 4627 nequo

324 4673 412 4724 nunc
425 4658 530 4721 muto.
546 4648 605 4745 sed
620 4651 764 4734 quamvis
777 4658 864 4721 recte
879 4655 1038 4721 ambrosea
1052 4651 1174 4718 daun
1188 4647 1299 4715 duma
1312 4645 1429 4731 langa,
