3509 5442
418 566 483 630 416
951 561 995 627 VI

418 733 507 817 longi
527 731 747 797 etBrixiensis
770 731 866 796 editio
890 757 1021 818 uepres.
1044 734 1201 799 Antonius
1223 734 1317 798 Marii
1336 737 1444 822 pians
1463 758 1517 798 ss-

418 857 598 898 11111111
627 858 762 918 αρᾳνοε.
792 833 947 898 Marullus
972 829 1128 920 pecudum
1159 838 1318 902 balatibus
1350 841 1457 926 aspris
1486 857 1517 902 er

419 936 533 1002 Ovidis
556 941 682 1001 metam.
705 957 760 1018 vn,
776 940 860 1004 540.
884 936 943 1001 sed
965 937 1155 1001 servandum
1173 943 1226 1001 est
1248 964 1384 1024 cepres,
1408 939 1519 1004 11111-

420 1037 560 1102 dendum
575 1037 713 1102 Pacuvio
728 1038 761 1101 in
775 1037 932 1102 Periboea
946 1037 1010 1116 sio,
1027 1063 1202 1125 corpusque
1216 1065 1318 1105 meum
1336 1043 1399 1106 tali
1407 1043 1519 1108 Mercu

419 1166 550 1228 aeprare
564 1165 687 1204 macore
702 1153 808 1205 senet:
830 1141 863 1203 in
877 1139 975 1204 Nonii
989 1139 1224 1223 exemplaribus
1240 1161 1271 1223 p.
1286 1145 1360 1221 137,
1379 1146 1395 1207 1
1417 1143 1520 1224 legitur

419 1266 543 1307 errore.
566 1241 641 1305 item
664 1241 793 1305 Accium
819 1242 851 1306 in
877 1242 1040 1326 Eurysace
1068 1241 1236 1324 scripsisse
1262 1248 1342 1325 puto
1366 1244 1521 1308 Persuad

418 1369 542 1409 maeror
553 1394 562 1426 ,
586 1344 739 1409 amaritudo
750 1393 759 1426 ‚
783 1369 896 1431 aeprar
907 1395 915 1426 ‚
940 1345 1029 1410 dolor
1040 1369 1052 1428 7·
1078 1363 1143 1406 non
1173 1369 1282 1426 error,
1305 1348 1342 1408 ut
1372 1351 1422 1409 est
1447 1343 1519 1427 apud

349 1521 351 1525 ¹
418 1446 556 1511 Nonium
579 1466 610 1528 p.
624 1449 673 1522 12,
686 1450 747 1512 21.

508 1551 600 1614 1135.
625 1549 677 1611 Au
700 1569 845 1610 caunum
867 1572 980 1614 uours
1002 1570 1113 1612 vrrao
1136 1569 1285 1611 neruus
1301 1570 1518 1612 couuusrou

418 1650 596 1712 Durnssr
609 1670 678 1712 eur
691 1671 865 1720 enraurn.
880 1653 980 1737 Defer
992 1666 1047 1715 aut
1058 1651 1186 1737 aliquid
1194 1650 1297 1733 prima
1308 1671 1410 1716 manu
1422 1650 1518 1715 oblon-

419 1771 480 1833 gus
493 1801 499 1814 .
512 1773 632 1816 unruo
644 1752 799 1816 Aventius
810 1801 817 1815 .
830 1767 987 1840 cumptum
1000 1757 1032 1818 et
1041 1756 1195 1838 rumperit
1205 1752 1238 1816 in
1250 1751 1389 1834 digestis
1400 1752 1519 1818 Floren-

418 1855 492 1918 tinis
506 1853 571 1935 legi
586 1861 695 1918 notum
711 1860 778 1939 est,
799 1860 833 1918 ut
853 1860 1006 1937 appareat
1019 1855 1053 1918 in
1068 1854 1129 1919 hoc
1143 1861 1282 1919 veterem
1298 1855 1466 1920 librarium
1480 1853 1519 1919 sui

417 1957 537 2022 saeculi
553 1976 640 2020 more
654 1976 826 2040 peccasse.
843 1970 1006 2043 correptum
1020 1957 1122 2040 prima
1136 1957 1225 2022 brevi
1237 1956 1399 2021 Lucilium
1412 1956 1520 2022 dixisse

418 2059 608 2125 Consentius
623 2064 730 2122 narrat
746 2059 779 2122 in
794 2066 861 2122 arte
877 2058 917 2123 de
932 2059 1136 2124 barbarismis
1151 2065 1183 2124 et
1196 2058 1421 2142 metaplasmis
1436 2063 1519 2142 1130,

418 2163 508 2227 euius
523 2161 620 2227 verba
636 2160 771 2225 subieci.
785 2162 1038 2246 Po'e'taefaciuat
1052 2163 1287 2248 metaplasmos,
1300 2185 1373 2226 cum
1389 2163 1459 2246 ipsi
1467 2163 1519 2224 iam

418 2268 608 2350 scripturam
632 2265 815 2349 relinquunt
837 2277 1037 2350 corruptam,
1053 2277 1087 2327 ut
1101 2276 1146 2328 est
1159 2264 1345 2349 Belliquias
1358 2263 1519 2342 Danaum,

419 2380 447 2432 et
462 2379 568 2430 tautou
583 2391 630 2430 me
646 2367 776 2429 crimine
793 2365 923 2451 diarum
940 2367 1093 2431 Duxisti:
1114 2363 1242 2429 addidit
1261 2364 1344 2428 euim
1366 2388 1464 2428 unam
1481 2364 1519 2428 tt

417 2482 516 2533 teram
541 2492 600 2554 per
626 2468 864 2552 metaplasmum
887 2468 901 2532 l
909 2520 918 2551 ,
947 2471 1019 2533 item
1044 2481 1152 2533 contra
1173 2462 1372 2550 (addendum
1397 2466 1520 2552 dempsit

418 2571 553 2635 litteram
581 2595 640 2656 per
667 2570 904 2655 metaplasmum
931 2570 960 2655 e)
972 2621 980 2653 ‚
1009 2573 1090 2635 sicut
1115 2570 1263 2633 Lucilius
1292 2591 1347 2632 ore
1376 2582 1519 2655 cor-apto:

418 2673 552 2758 dempsit
573 2673 654 2737 euim
677 2696 771 2736 uuam
795 2673 930 2736 litteram
949 2697 1009 2758 per
1030 2672 1269 2756 metaplasmum
1289 2695 1309 2732 r
1320 2694 1332 2752 7·
1354 2683 1383 2735 et
1402 2671 1520 2734 Eubius

418 2776 505 2839 Huic
527 2788 661 2838 statuam
684 2775 784 2837 statui
802 2776 957 2838 maiorum
973 2780 1032 2850 [et]
1047 2774 1086 2836 ab
1101 2786 1153 2837 otu
1168 2773 1321 2836 Atleuis.
1343 2785 1371 2837 et
1386 2774 1440 2836 leia
1455 2793 1518 2858 quo·

418 2902 477 2963 que
502 2900 561 2960 per
588 2876 826 2961 metaplasmum
853 2875 987 2960 dempsit
1014 2875 1150 2940 litteram
1171 2900 1208 2938 r.
1232 2892 1347 2939 versus
1373 2873 1471 2938 Ennii
1492 2871 1519 2935 in

416 2977 499 3042 hauc
526 2976 593 3042 fere
622 2975 808 3042 seutentiam
833 2982 1005 3058 conceptus
1026 2975 1138 3055 luerit,
1161 2978 1248 3041 Huic
1270 2990 1410 3041 statuam
1433 2975 1523 3040 statut

416 3082 565 3144 maiorem
587 3081 673 3144 lerto
696 3078 742 3164 (id
765 3084 813 3143 est
834 3080 958 3161 hortor,
978 3083 1014 3142 ut
1029 3077 1262 3159 Quadrigarius
1284 3077 1366 3141 dixit
1388 3080 1518 3143 cohorta-

416 3181 498 3266 reut)
521 3206 651 3245 auream
674 3183 782 3247 aleuis
795 3206 804 3245 :
819 3180 962 3245 Lucilius
984 3188 1087 3244 autem
1113 3205 1165 3246 ore
1187 3194 1316 3266 obrupto
1336 3198 1405 3244 non
1427 3178 1520 3264 potuit

417 3281 522 3348 dicere
543 3283 603 3346 nisi
626 3281 779 3347 irridendi
799 3303 897 3347 causa
917 3289 971 3347 sut
985 3281 1067 3346 forte
1082 3280 1115 3345 iu
1130 3287 1216 3346 recte
1230 3279 1387 3364 loquendi
1402 3281 1519 3363 legibus

417 3384 692 3462 demonstrandis;
715 3386 803 3450 cuius
824 3384 910 3448 modi
931 3391 980 3450 est
998 3382 1096 3466 illud,
1114 3397 1224 3470 pretor
1244 3407 1283 3448 ue
1303 3386 1516 3470 rusticu'fiat.

416 3485 500 3569 apud
528 3485 708 3549 Lucretium
736 3485 905 3552 infeliciter
930 3486 1105 3550 Lambinus
1130 3500 1316 3550 cruentam.
1343 3485 1453 3569 aptius
1478 3489 1517 3549 est

415 3586 551 3651 Bentleii
574 3589 734 3653 alienum:
750 3588 809 3653 sed
830 3609 960 3672 verum,
976 3588 1009 3652 ni
1031 3589 1143 3665 fallor,
1167 3588 1249 3651 ultro
1272 3607 1469 3652 coosruu.
1489 3586 1515 3649 in

415 3688 495 3754 libro
513 3710 542 3768 v,
555 3695 616 3758 367
641 3706 766 3777 roperta
789 3692 939 3774 scriptum
963 3696 1012 3756 est
1033 3689 1088 3754 ubi
1111 3689 1206 3754 debet
1227 3708 1300 3753 esse
1323 3706 1456 3756 coorta.
1477 3713 1516 3754 co·
1555 3756 1556 3785 ἶ

416 3794 505 3857 berta
529 3792 686 3875 oblongus
706 3793 739 3856 in
762 3815 804 3876 vr,
818 3799 880 3861 458
906 3797 987 3860 1096
1014 3797 1114 3875 1100,
1134 3793 1277 3856 ecbertus
1297 3790 1386 3856 idem
1408 3791 1515 3858 ibidem
1555 3790 1556 3823 ³

419 3897 516 3963 1186.
533 3910 670 3960 martam
688 3892 862 3976 quadratus
875 3894 909 3957 in
924 3917 970 3978 111,
982 3899 1038 3979 15,
1054 3896 1161 3959 tortus
1175 3890 1260 3957 idem
1275 3893 1310 3958 in
1324 3917 1368 3972 11,
1377 3899 1459 3962 432.
1475 3911 1517 3958 ce

415 4000 515 4059 terum
538 4002 632 4079 poeta
655 4015 726 4061 oum
749 3996 826 4061 dicit
848 3998 968 4061 caelum
991 4012 1046 4062 aut
1063 3995 1208 4082 aliquid,
1223 3995 1385 4077 intellegit
1399 4002 1516 4066 aerem,

415 4114 553 4178 aquam,
572 4098 681 4163 cibos.
704 4098 861 4163 Isidorum
885 4106 990 4165 autem
1013 4099 1064 4163 hic
1086 4099 1205 4163 caelum
1228 4111 1394 4185 cor-uptam
1410 4116 1516 4180 agnos

415 4216 486 4262 1111
510 4220 573 4262 uon
595 4200 710 4264 miror.
733 4202 849 4267 sicilie
866 4202 907 4266 de
922 4208 1035 4266 nature
1050 4220 1154 4264 rerum
1170 4220 1239 4282 cap.
1252 4203 1293 4268 39
1306 4249 1313 4263 .
1338 4200 1431 4266 Sicut
1445 4201 1515 4266 enim

415 4299 537 4385 (confer
547 4321 674 4366 versum
689 4303 784 4386 1103)
796 4305 880 4368 caeli
892 4307 1045 4386 saevitate,
1060 4305 1111 4368 uel
1124 4327 1280 4388 aquarum
1292 4351 1301 4384 ,
1315 4327 1454 4388 corpora
1469 4299 1515 4366 ad·

414 4406 601 4469 veuiemium
614 4407 742 4468 temtari
749 4419 973 4470 causueueruut
984 4405 1062 4470 adeo
1073 4418 1108 4468 ut
1117 4406 1258 4469 morbum
1269 4407 1467 4490 conceptam,
1479 4405 1515 4468 tu

415 4509 508 4571 etiam
523 4517 578 4570 a‘e'r
593 4518 759 4590 corruptus
775 4530 814 4570 em
829 4507 905 4572 aliis
920 4509 1004 4574 caeli
1011 4509 1158 4593 partibus
1172 4509 1299 4572 veuieus
1314 4507 1423 4572 subita
1437 4504 1516 4571 clade

414 4633 528 4696 corpus
550 4611 723 4694 corrumpit
744 4622 836 4694 atque
858 4624 983 4696 reperite
1005 4612 1101 4674 vitam
1124 4610 1297 4695 eetiupuit.

502 4716 594 4780 1138.
629 4711 733 4776 Hanc
768 4732 879 4774 samo
910 4731 1089 4782 ououuau
1117 4730 1324 4775 uossouuu
1356 4733 1404 4776 111
1433 4733 1515 4776 uon·
