3509 5442
307 575 350 640 42
854 573 869 636 Ι

250 822 252 826 y
307 741 497 825 adscriptam
525 742 646 806 fuisse:
662 759 767 822 neque
796 759 873 803 sane
901 739 1005 823 aptius
1032 739 1078 802 rei
1104 739 1272 821 quicquam
1295 738 1416 821 requiri

308 849 433 927 potest,
450 864 544 924 quam
568 842 654 924 quod
669 842 810 906 admisso
833 865 871 904 oe
893 861 951 923 pro
973 841 1018 905 cd
1031 859 1071 904 ex
1086 840 1167 906 lihro
1183 864 1235 918 vr,
1252 846 1313 909 229
1329 840 1416 904 sacili

309 945 438 1025 negotio
463 942 583 1009 efficias
596 995 603 1022 ‚
617 970 675 1030 per
697 957 806 1028 scepta
826 942 986 1006 domorum
1003 943 1127 1008 Clamor
1143 967 1177 1005 ln
1193 966 1237 1006 Ao
1257 967 1364 1021 occec,
1381 948 1416 1005 ut

306 1045 340 1109 in
356 1068 404 1123 vr,
418 1049 479 1113 951
496 1047 641 1129 Denique
654 1070 713 1131 per
728 1044 867 1128 dissepta
883 1042 1041 1106 domorum
1058 1069 1157 1109 scaea
1171 1069 1258 1109 occec
1273 1046 1415 1109 Perveli-

307 1160 391 1223 taot‚
403 1145 437 1208 in
446 1168 472 1223 1,
486 1145 642 1213 355Ioter
650 1158 962 1230 sceptameontvoces
974 1157 1001 1208 et
1009 1145 1288 1210 elooscdomorooc
1298 1147 1415 1209 Troas-

306 1248 456 1310 colr'toat.
474 1236 584 1311 contra
595 1246 673 1310 nihil
684 1244 854 1310 absurdius
870 1250 919 1308 est
932 1244 989 1306 illa
1000 1246 1255 1328 comparatione,
1272 1247 1414 1332 quafol-

307 1373 377 1412 mea
400 1349 483 1413 caeli
496 1371 559 1433 per
580 1361 689 1433 coepto
705 1348 865 1411 domorum
887 1348 1023 1412 transire
1046 1347 1159 1411 dicitur
1175 1349 1301 1413 Clamor
1322 1361 1356 1411 ct
1377 1373 1415 1411 ac

306 1473 394 1514 voces
417 1449 482 1533 (sic
504 1467 575 1512 cum
590 1448 725 1512 Avantio
748 1449 910 1534 plerique)
933 1454 1007 1526 aut,
1025 1449 1111 1530 quod
1125 1449 1260 1513 Marullo
1276 1448 1413 1530 placuit,

307 1551 432 1615 Clamor
448 1565 482 1614 ot
498 1553 523 1614 a
537 1552 640 1630 νοεῖν,
656 1551 841 1632 praesertim
854 1571 925 1615 oum
936 1550 1076 1628 fulmen,
1091 1556 1127 1614 ut
1139 1571 1222 1628 vox,
1238 1550 1414 1614 incolumes

305 1650 417 1715 domos
444 1671 508 1715 non
534 1650 627 1714 facile
654 1657 813 1715 transeat.
829 1658 996 1735 praeterea
1023 1652 1196 1715 notandum
1224 1658 1272 1716 est
1297 1653 1415 1714 Lucre·

305 1752 383 1816 tium
399 1755 482 1818 caeli
490 1754 600 1817 nubila
616 1758 647 1815 et
658 1754 742 1817 caeli
753 1756 847 1841 sc'poo
858 1754 978 1818 dixisse
990 1803 998 1830 ,
1011 1751 1086 1815 item
1091 1754 1188 1838 foces
1204 1755 1287 1817 caeli
1293 1802 1303 1830 ‚
1320 1755 1413 1817 caeli-

280 1929 282 1936 s
305 1874 367 1936 que
390 1856 485 1920 solem
496 1903 504 1935 ‚
511 1854 642 1939 fulmen
658 1859 765 1918 autem
781 1857 865 1920 caeli
876 1873 1049 1936 numquam
1064 1853 1205 1919 dixisse:
1222 1875 1294 1918 nam
1316 1854 1349 1917 in
1372 1878 1413 1933 v,

308 1960 391 2024 1244
413 1956 511 2019 multo
535 1955 649 2019 rectius
672 1961 720 2020 est
742 1956 828 2036 quod
851 1956 1010 2036 oblongus
1038 1955 1134 2020 habet
1149 2007 1156 2033 ‚
1173 1959 1257 2021 eaelo
1269 1957 1414 2040 falariae

304 2061 419 2123 misso.
436 2058 514 2122 satis
527 2056 625 2138 igitur
641 2062 784 2139 apertum
801 2063 848 2122 est
862 2061 990 2139 postam
1005 2056 1169 2140 scripsisse
1187 2061 1316 2122 Transit
1331 2063 1413 2124 enim

296 2162 426 2246 fulmen
449 2179 617 2222 cunnum.

387 2266 460 2329 491.
484 2261 783 2331 stsmlunroun
804 2282 897 2323 nnnc
918 2283 1101 2324 Panvnnn
1123 2283 1218 2324 ssxn
1241 2284 1411 2326 venons.

205 2439 209 2445 Ι
305 2363 461 2428 Marullus
484 2383 716 2425 rnsvnurrn.

388 2467 461 2533 492.
486 2465 566 2529 (lun
587 2484 893 2528 annuncianes.
911 2465 982 2529 Itali
1004 2472 1035 2530 et
1056 2466 1131 2529 olim
1146 2465 1294 2549 impressi
1308 2466 1411 2529 Tun.

303 2587 368 2631 non
390 2573 474 2631 recte
496 2565 650 2631 Marullus
674 2568 779 2645 Quin:
794 2566 867 2631 vide
891 2587 973 2649 quae
996 2567 1100 2632 scribo
1123 2565 1165 2629 ad
1186 2586 1313 2632 versum
1329 2574 1410 2635 588.

388 2674 461 2736 500.
485 2690 656 2732 coaroan
680 2690 862 2731 cousrnr,
879 2667 1032 2744 Quadrati
1048 2675 1206 2733 corrector
1222 2674 1253 2732 et
1266 2669 1412 2750 impressi

304 2792 515 2834 cousrnur.

387 2877 460 2941 517.
489 2894 588 2943 ouon
619 2894 730 2937 maun
764 2893 886 2944 cucur
915 2893 1040 2935 nasum
1071 2891 1285 2935 conmissa.
1314 2873 1412 2936 Recte

303 2972 528 3056 interpretatur
544 2974 730 3054 Greechius,
747 2975 792 3039 ‘id
806 2975 902 3039 inane
926 2972 1011 3054 quod
1032 2972 1066 3036 in
1088 2973 1185 3039 rebus
1200 2971 1316 3055 genitis
1333 2971 1411 3036 est'.

303 3074 360 3139 sed
381 3074 415 3138 id
437 3075 539 3156 siquis
561 3080 655 3142 chace
677 3103 783 3143 reram
806 3075 940 3151 dixerit,
956 3092 1068 3138 vereor
1088 3095 1129 3139 ne
1151 3074 1257 3158 potius
1278 3099 1411 3138 caccum

301 3201 322 3240 a
343 3178 435 3241 reboo
459 3196 554 3258 quam
575 3176 610 3240 id
632 3178 718 3258 quod
739 3178 874 3243 voluerit
896 3175 1017 3241 dixisse
1039 3176 1207 3240 videatur.
1226 3195 1324 3257 quare
1347 3196 1412 3240 non

304 3276 413 3341 dubito
437 3278 513 3358 quin
528 3285 623 3360 poeta
637 3279 799 3361 scripserit
820 3280 906 3365 qood
919 3282 1014 3343 chene
1036 3302 1073 3342 1u
1094 3279 1202 3342 nnnu’
1225 3300 1347 3348 Qunnr
1367 3303 1413 3342 co

302 3379 427 3459 hibere,
443 3377 477 3441 id
498 3385 626 3458 autem,
642 3387 676 3444 ut
699 3381 781 3460 alia,
797 3381 985 3446 inmutatum
1010 3380 1104 3445 fuerit
1125 3382 1166 3445 ab
1188 3381 1229 3444 iis
1251 3381 1306 3462 qui
1326 3407 1342 3444 c
1363 3380 1412 3444 lit-

302 3484 402 3543 teram
418 3480 493 3544 elidi
508 3501 573 3545 non
584 3481 720 3548 ferrent.
736 3483 842 3567 inepte
853 3484 1008 3548 Marullus
1023 3485 1117 3547 icone
1133 3497 1243 3548 tectam
1254 3484 1395 3547 cohibere
1402 3509 1412 3565 ;

304 3580 391 3662 quod
412 3583 527 3664 probat
541 3583 757 3651 Wakefieldus
779 3606 849 3650 cum
871 3583 1130 3651 adsentatorihus
1153 3583 1224 3648 istis
1247 3585 1300 3666 qui
1322 3606 1412 3648 num-

302 3704 399 3765 quam
420 3703 478 3768 per
499 3705 534 3750 se
557 3686 703 3769 sapiunt.
1173 3683 1176 3690 ’

387 3792 460 3858 520.
485 3811 517 3852 sr
543 3809 647 3850 mum
673 3809 738 3853 nsr
761 3813 859 3861 ouon
887 3811 999 3853 mann
1028 3811 1220 3853 vocssnr.
1245 3788 1412 3885 corrector

302 3888 433 3970 oblongi
448 3893 481 3955 si
492 3893 540 3956 ac'l
554 3914 667 3954 nssnn
680 3890 812 3974 ‚itaque
824 3893 978 3957 Aventius
992 3917 999 3956 ε
1015 3893 1170 3978 siquidem-
1182 3893 1267 3956 nihil
1282 3906 1325 3956 est
1340 3911 1411 3955 cum

300 3989 389 4054 Italis
410 3993 585 4058 Marullus.
604 3993 720 4059 deinde
742 3995 775 4057 hi
797 4000 991 4068 correctores
1013 4014 1143 4072 omnes,
1158 3994 1234 4057 item
1249 3995 1411 4058 Veronen-

302 4090 346 4155 sis
368 4090 490 4172 editio,
513 4116 683 4158 vaonanr
702 4121 709 4158 ε
731 4095 931 4177 quadratus,
953 4096 1091 4160 schedae
1110 4146 1118 4173 ‚
1142 4095 1316 4160 Brixicnsis
1335 4146 1343 4173 ,
1360 4122 1409 4160 vc-

301 4207 408 4258 ccret:
424 4195 583 4276 oblongus
606 4196 709 4279 prima
730 4217 825 4260 manu
848 4213 975 4264 noaret.

383 4301 456 4366 525.
479 4321 718 4363 ascensuum
740 4323 928 4364 unwina.
953 4299 1116 4365 Charisius
1137 4321 1169 4383 p.
1193 4307 1253 4369 185
1276 4303 1411 4366 Naviter

304 4403 467 4466 Terentius
496 4405 530 4465 c'o
557 4404 711 4467 Eunucho
733 4403 843 4489 ‘neque
864 4404 1036 4490 pertendes
1062 4403 1220 4469 oovcter'.
1240 4405 1410 4468 Lucretius

299 4527 420 4589 quoque
442 4503 480 4569 de
502 4506 594 4569 rebus
608 4507 809 4572 naturalibos
824 4509 913 4571 tertio
926 4555 933 4570 .
948 4505 981 4569 in
1003 4505 1084 4569 libro
1110 4504 1201 4568 tertio
1222 4503 1320 4569 hodie
1344 4525 1410 4570 non

301 4610 406 4685 extat,
422 4624 526 4689 neque
548 4606 629 4672 tanti
651 4612 755 4672 estut
777 4608 807 4673 ei
828 4606 873 4680 ibi
897 4626 1087 4690 quaeramus
1109 4607 1234 4671 locum.
