3509 5442
859 533 905 609 IV
1373 538 1439 618 'mu

268 710 272 767 ε
321 709 448 796 Hygini
466 711 541 795 ms)
562 716 594 777 a
614 674 761 776 nunu
788 710 829 776 ue
855 710 1014 776 ominibus
1029 733 1050 794 1,
1063 716 1093 790 s,
1108 716 1148 780 13
1173 712 1294 780 aaa
1317 713 1436 782 mane

268 837 271 865 ι
320 812 448 878 reditas
460 863 469 896 ,
495 811 644 895 idemque
669 812 830 893 Vergilius
859 838 986 878 cursum
1013 813 1092 878 deri
1113 812 1165 879 vel
1191 813 1355 897 naviganti
1381 818 1436 883 vel

267 926 271 969 ἑ
321 932 430 995 equo,
447 914 527 978 Aen.
542 937 588 993 111,
600 919 663 983 337
678 936 710 991 x,
723 919 805 984 870.
822 915 864 979 ad
891 911 977 995 quod
993 915 1171 998 exemplum
1194 915 1342 981 Lucretio
1363 915 1435 982 red·

269 1072 271 1107 i
322 1012 468 1080 dendum
485 1015 565 1080 duco
586 1017 627 1080 Ia
648 1040 709 1080 aua
724 1016 879 1081 decessum
895 1015 1039 1080 dederam
1047 1018 1231 1101 primordia
1245 1037 1412 1090 cumcun
1424 1070 1443 1098 „

267 1122 273 1177 l
323 1116 449 1182 scilicet
470 1113 607 1197 singulis
628 1115 754 1180 animae
777 1123 809 1181 et
832 1116 975 1200 corporis
996 1117 1161 1200 partibus.

410 1222 465 1285 42.
488 1237 698 1281 assuens.
727 1218 882 1283 Marullus
913 1220 1051 1304 ffpieo,
1073 1219 1108 1283 in
1140 1219 1201 1285 hoc
1233 1239 1341 1287 errore
1373 1221 1434 1288 sibi

321 1325 498 1398 constans,
521 1318 695 1384 Lambinus
717 1341 909 1384 numerus.
930 1338 1025 1384 versu
1043 1325 1103 1390 105
1131 1341 1171 1386 ex
1192 1323 1326 1408 Efflpa‘oe
1346 1321 1433 1389 dele

267 1436 269 1443 ·
320 1427 389 1485 tum
412 1446 435 1486 a
455 1420 490 1485 in
509 1421 669 1502 oblongo,
685 1420 827 1486 additum
850 1447 866 1486 s
887 1420 921 1486 in
941 1420 1116 1503 quadrato,
1132 1427 1301 1507 utrumque
1322 1441 1343 1486 a
1364 1443 1433 1490 cor·

320 1522 521 1588 rectoribus.
537 1542 634 1589 versu
649 1528 690 1592 85
712 1527 845 1605 uterque
868 1525 1006 1610 effiprbo.

410 1629 464 1693 43.
487 1626 648 1689 Mrnnrns
669 1646 713 1688 sn
736 1646 872 1701 senus,
889 1645 1011 1688 sunno
1038 1646 1083 1686 nn
1107 1646 1430 1694 conn1cnnosun.

320 1729 423 1792 Recte
448 1725 622 1791 Lambinus
649 1748 837 1805 consona,
859 1745 899 1790 ex
927 1724 1037 1790 codice
1063 1725 1237 1807 Vaticano,
1257 1728 1381 1811 inquit,
1397 1737 1432 1797 ut

320 1828 453 1894 cuinam
471 1826 592 1892 homini
613 1827 708 1894 docto
731 1835 763 1894 et
783 1834 875 1894 acuto
898 1826 958 1891 boo
979 1827 1133 1891 debeatur
1152 1828 1355 1910 ignoremus.
1373 1830 1432 1896 sed

319 1929 408 1995 idem
431 1928 606 1994 Lambinus
628 1930 712 1995 male
742 1949 812 1994 curn
834 1928 923 1994 Italis
951 1934 982 1992 et
1003 1928 1138 1993 Marullo
1161 1954 1289 1996 earum.
1309 1954 1431 1997 annun

320 2030 528 2097 scribendum
551 2050 624 2096 esse
646 2038 811 2115 apparete
829 2050 925 2096 versu
940 2035 1003 2109 64,
1018 2031 1176 2097 Atratus
1194 2034 1295 2116 mitti,
1311 2058 1431 2102 summo

319 2134 360 2199 de
375 2156 506 2218 corpore
519 2156 645 2198 rerum.
661 2132 708 2198 sic
721 2133 805 2197 infra
818 2136 879 2201 130
901 2133 988 2210 Quae
1003 2155 1134 2217 cumque
1155 2135 1194 2197 ab
1216 2136 1308 2199 rebus
1322 2159 1429 2202 rerum

320 2235 499 2301 simulacra
519 2232 765 2303 recedunt.163
788 2234 842 2300 Sia
864 2234 903 2297 ab
925 2233 1017 2296 rebus
1039 2233 1164 2298 item-
1179 2260 1285 2301 rerum
1299 2239 1430 2302 simula·

320 2334 561 2420 eraferantar.
576 2338 640 2404 695
655 2336 710 2400 Ex
731 2336 794 2400 alto
805 2337 950 2422 primum
973 2336 1051 2418 quia
1071 2337 1127 2400 vix
1143 2338 1292 2401 emittetur
1315 2361 1355 2402 ea
1375 2363 1430 2404 re.

410 2439 547 2504 45-48.
570 2434 643 2500 Suo
673 2457 840 2508 Quoumn
862 2457 1241 2513 nocu1‚cuucrsnun
1267 2458 1430 2503 nxounm

320 2557 448 2601 annun
475 2533 622 2612 Qusnm
648 2559 728 2600 smr
761 2559 804 2600 sn
835 2558 935 2608 onan
964 2556 1089 2600 vlnus
1118 2559 1317 2603 mersum
1344 2562 1431 2605 roa·

320 2660 383 2702 bns
413 2637 559 2702 SPONTE
593 2660 660 2703 SUA
693 2660 876 2703 vomunt
912 2660 1083 2703 ALTERNO
1117 2660 1277 2703 ennom
1309 2661 1429 2720 Motu,

321 2741 483 2817 Quoous
508 2760 612 2828 ¹nono
644 2762 773 2804 ross1s
805 2761 871 2802 ses
899 2760 945 2802 nx
977 2762 1036 2803 nrs
1069 2760 1246 2812 ounnoun
1275 2762 1428 2805 ennam.

319 2842 414 2906 Haec
433 2839 588 2905 Marullus
609 2841 651 2904 ad
673 2858 746 2906 eum
767 2841 873 2906 locum
896 2860 990 2923 quem
1017 2841 1077 2905 sibi
1102 2842 1265 2925 postulant
1285 2841 1428 2926 traiecit,

322 2942 386 3006 hoo
414 2946 462 3005 est
486 2946 561 3005 ante
586 2961 713 3007 versum
728 2946 793 3011 26.
816 2943 873 3007 sed
900 2942 950 3006 his
972 2942 1117 3007 versibus
1144 2942 1312 3027 exponitur
1334 2962 1430 3024 argu·

321 3047 465 3107 mentam
490 3041 564 3107 libri
590 3043 746 3122 secundi,
767 3063 826 3109 nec
851 3044 935 3109 solet
955 3042 1121 3108 Lucretius
1147 3043 1193 3107 ita
1220 3042 1262 3109 ad
1292 3062 1343 3109 res
1364 3044 1427 3109 iam

319 3147 471 3230 peractas
489 3141 619 3208 redire.
642 3164 741 3226 quare
763 3143 973 3210 dubitandum
994 3165 1059 3210 non
1088 3150 1136 3209 est
1157 3144 1235 3226 quin
1264 3144 1345 3209 haec
1372 3145 1427 3210 ille

318 3246 422 3311 lector
434 3243 669 3328 philosophus,
691 3246 781 3312 cuius
803 3246 949 3311 novimus
968 3245 1262 3330 intemperantiam,
1286 3263 1326 3310 ex
1347 3245 1428 3311 libro

320 3345 414 3410 tertio
429 3350 570 3414 31-34
597 3345 632 3411 in
658 3347 743 3412 hunc
768 3347 989 3413 transtulerit.
1011 3347 1045 3410 id
1071 3364 1199 3430 quoque
1226 3343 1429 3413 manifestum

318 3452 389 3527 est,
406 3467 478 3512 eum
502 3446 555 3529 qui
575 3446 651 3512 huic
671 3448 752 3514 libro
766 3448 985 3534 prohoemium
1000 3448 1147 3533 praefixit
1168 3455 1343 3515 ceterorum
1366 3450 1430 3516 dis·

318 3547 537 3627 simillimum,
553 3547 614 3614 hos
627 3570 739 3616 versus
754 3557 828 3616 ante
839 3555 881 3620 26
897 3550 1031 3634 scriptos
1048 3571 1113 3615 non
1123 3549 1295 3631 habuisse,
1312 3552 1428 3637 quippe

319 3649 377 3734 qui
391 3648 532 3715 Lucretii
552 3649 651 3715 verba
674 3671 757 3734 quae
777 3657 866 3718 erant
887 3651 921 3715 in
942 3651 1023 3716 libro
1045 3652 1146 3735 primo
1163 3658 1245 3732 950,
1261 3653 1336 3718 dam
1350 3678 1427 3740 per-

318 3754 420 3840 spicis
442 3775 507 3838 quc
527 3766 642 3818 constet
656 3767 777 3840 compta
787 3756 922 3841 sipara,
937 3753 970 3817 in
991 3758 1103 3835 quarto
1126 3773 1255 3818 servare
1269 3754 1427 3834 noluerit,

319 3853 380 3920 sed
400 3851 511 3919 fecerit
532 3853 607 3919 dum
625 3858 768 3942 perculis
781 3857 940 3920 Naturam
958 3879 1064 3919 rerum
1086 3878 1123 3918 ae
1133 3857 1292 3940 persentio
1307 3857 1425 3921 utilita-

319 3971 400 4029 tcm,
423 3953 607 4020 scilicetne
632 3956 698 4021 illis
719 3977 782 4021 uno
804 3975 900 4022 versu
921 3953 1087 4020 interiecto
1115 3954 1220 4018 statim
1242 3943 1427 4023 subsederat

319 4055 437 4124 eodem
451 4057 608 4122 vocabulo
622 4057 735 4122 iterato
751 4073 874 4144 compta
885 4059 1024 4144 ciperem
1039 4056 1274 4135 nonfurtum,
1290 4061 1325 4121 ut
1338 4065 1426 4142 puto,

318 4159 347 4226 si
370 4157 512 4240 quinque
534 4177 683 4225 versuum
708 4159 879 4225 discrimen
900 4159 1140 4224 intervenisset.
1156 4164 1295 4224 ceterum
1317 4159 1428 4225 Forbi-

318 4280 378 4344 ger
404 4259 466 4325 bos
488 4280 598 4325 versus
627 4266 701 4325 ante
728 4280 778 4325 me
805 4261 838 4325 in
860 4260 1074 4344 suspicionem
1095 4260 1239 4341 vocavit,
1255 4260 1313 4327 sed
1338 4261 1428 4326 nulla

318 4364 360 4429 de
384 4382 503 4429 causa:
520 4361 603 4427 ‘loco
626 4361 820 4427 alienissimo
841 4361 965 4428 inserti'
985 4361 1088 4445 inquit
1108 4362 1182 4426 ‘iam
1205 4362 1404 4427 adfuerunt'.

406 4470 459 4534 51.
481 4463 554 4541 Qur
580 4484 691 4535 oussr
712 4486 914 4529 nannenus
945 4485 1015 4528 vnn
1038 4486 1182 4530 oosrnx
1202 4484 1426 4529 nonmrnnu-
1521 4460 1523 4464 ’

317 4588 438 4632 nasu.
462 4565 645 4644 Quadratus
668 4569 755 4647 Quae
777 4568 809 4631 ai
827 4567 1024 4650 membrano,
1043 4566 1149 4651 priore
1169 4590 1186 4630 a
1207 4565 1310 4649 prima
1331 4581 1426 4627 manu
1466 4552 1469 4557 ’

319 4688 421 4754 supra
446 4666 590 4752 scripto:
618 4674 685 4735 tum
710 4668 796 4734 idem
823 4669 952 4734 uomica
980 4667 1146 4734 dondaet.
1174 4666 1262 4751 apud
1288 4664 1428 4732 Nonium
