3509 5442
408 578 473 644 320
654 574 656 577 ’
947 573 976 637 V

410 765 510 808 manu
528 744 617 824 labo,
635 743 703 806 labi
718 747 895 807 corrector.
911 740 972 805 hoc
990 742 1093 828 ipsum
1117 743 1186 807 labi
1204 741 1355 807 librarius
1371 740 1510 823 quadrati

410 845 571 911 exhibuit:
588 848 745 909 corrector
766 841 842 908 fecit
866 845 954 908 labe.

496 953 567 1016 933.
592 968 702 1010 cunvr
724 967 949 1009 uonnaarore
972 968 1107 1009 anans.
1123 945 1345 1027 Antiquissimi
1361 951 1510 1010 correcto·

410 1068 462 1114 res
484 1071 642 1112 narrar.

497 1157 569 1220 934.
593 1171 710 1214 russo
733 1171 943 1213 uossnnrsn
965 1173 1083 1213 Anvs.
1101 1149 1267 1214 Correotor
1289 1148 1422 1230 oblongi
1442 1149 1509 1212 mol-

412 1257 521 1320 lirier.
542 1252 716 1317 Brixiensis
738 1252 840 1317 editor
862 1259 893 1317 et
914 1251 1069 1317 Marullus
1090 1272 1291 1315 nonnanis.

496 1360 569 1423 935.
593 1376 793 1418 vrncorrn.
813 1353 1033 1435 Antiquissimi
1056 1358 1248 1418 correctores
1271 1375 1481 1417 vrncnnrs.

496 1462 568 1525 937.
592 1477 723 1518 russas
739 1478 958 1538 suasanus,
976 1477 1075 1527 ouon
1091 1478 1210 1519 aunan
1226 1476 1421 1519 cussanus
1435 1505 1442 1519 .
1457 1457 1511 1520 De

411 1560 500 1625 derat
522 1555 609 1640 apud
630 1557 826 1622 Macrobium
849 1557 974 1621 Satura.
991 1580 1033 1635 vr,
1049 1563 1064 1624 l
1080 1606 1087 1640 ,
1104 1557 1211 1638 itaque
1234 1557 1395 1641 oblongus
1417 1557 1511 1641 prima

412 1680 526 1725 manu.
548 1658 664 1724 deinde
691 1681 857 1722 cassans
884 1659 1066 1724 Macrobius
1099 1664 1130 1723 et
1159 1663 1318 1723 corrector
1351 1658 1511 1740 quadrati,

410 1763 484 1827 item
507 1761 662 1826 Antonius
684 1760 904 1825 Florentinus.
928 1781 1002 1825 mox
1021 1763 1171 1847 placarat
1192 1759 1278 1844 apud
1299 1758 1511 1825 Macrobium.

496 1868 568 1932 941.
591 1865 754 1928 darm.
781 1861 833 1926 Sic
863 1861 978 1926 iterum
1008 1867 1132 1927 veteres
1162 1882 1256 1927 versu
1272 1867 1358 1931 965:
1385 1866 1512 1944 utroque

410 1965 481 2029 loco
505 1971 662 2029 corrector
685 1963 816 2046 oblongi
838 1962 911 2028 fecit
934 1966 1067 2028 arbuta.
1084 1963 1145 2029 hoo
1166 1982 1283 2027 nomen
1304 1982 1365 2047 per
1386 1967 1403 2028 i
1422 1962 1512 2047 scrip-

410 2075 476 2132 tum
499 2088 564 2132 non
585 2067 698 2133 videor
719 2065 796 2129 mihi
811 2065 949 2148 legisse:
966 2064 1023 2130 sed
1045 2065 1180 2130 fortasse
1202 2085 1268 2130 non
1283 2065 1363 2131 satis
1378 2064 1512 2143 abendi,

411 2177 443 2236 et
457 2170 636 2254 improbum
655 2168 736 2232 duco
752 2168 848 2247 talia,
871 2189 941 2233 cum
957 2168 1075 2233 nemini
1090 2172 1245 2246 noceant,
1261 2167 1360 2232 tacite
1375 2173 1511 2244 mutare,

412 2271 498 2356 quod
519 2272 661 2336 fecerunt
682 2269 733 2333 hic
756 2269 894 2334 editores
915 2269 1009 2334 huius
1031 2275 1145 2353 poetas
1168 2269 1327 2334 universi.

496 2379 568 2443 944.
591 2373 741 2435 Pasuun
771 2394 860 2435 orsa
888 2394 1016 2436 suurn.
1043 2371 1112 2435 Hoc
1142 2371 1316 2437 absurdum
1346 2377 1416 2458 est,
1447 2395 1510 2439 cum

411 2495 515 2558 neque
543 2475 681 2555 graviter
709 2475 828 2540 olentia
857 2494 962 2555 neque
994 2472 1141 2539 necantia
1167 2493 1273 2556 neque
1306 2494 1347 2538 ex
1380 2474 1513 2541 humana

413 2596 509 2641 carne
531 2576 630 2660 petita
652 2575 868 2659 intellegenda
890 2574 971 2640 sint.
988 2575 1030 2639 ad
1050 2595 1117 2640 rem
1140 2574 1263 2641 faciunt
1283 2575 1379 2642 unice
1393 2577 1512 2642 Pabula

411 2701 529 2757 noan,
546 2685 580 2743 ut
602 2679 727 2762 scripsit
748 2677 951 2759 Naugerius.

496 2785 568 2848 945.
591 2782 642 2845 Ar
666 2803 806 2845 sunaus
830 2779 1032 2843 s1r1rr.Ad
1057 2780 1141 2864 apud
1168 2779 1364 2846 Macrobium
1392 2781 1511 2846 Saturn.

412 2882 610 2965 v1‚1,qu0d
634 2883 687 2963 qui
715 2889 769 2947 aut
789 2881 988 2947 librariorum
1012 2887 1178 2964 peccatum
1200 2900 1272 2947 esse
1295 2880 1466 2964 dixerunt,
1485 2889 1513 2948 ut

411 2983 653 3064 Wakefieldus,
669 2992 724 3049 aut
746 3006 817 3050 cum
833 2982 929 3049 Gerh.
946 2984 1012 3047 Ioh.
1028 2984 1143 3048 Vossio
1165 2975 1355 3049 infinitivum
1380 3005 1455 3051 cum
1476 2985 1515 3050 ad

411 3086 647 3171 praepositione
688 3086 888 3152 coniunctum
926 3085 1094 3150 ferendum
1128 3085 1327 3164 iudicarunt,
1355 3086 1513 3172 orthogra-

375 3254 378 3260 ,
411 3189 506 3273 phiae
527 3188 677 3270 antiquae
699 3187 830 3269 turpiter
851 3187 988 3270 imperiti
1009 3187 1155 3253 fuerunt.

498 3295 570 3359 946.
594 3310 783 3353 oscunsus
807 3311 923 3360 noun
947 3290 1195 3355 Onns1e1snr1
1216 3312 1238 3354 A
1260 3312 1302 3352 rs
1327 3313 1512 3355 srrrsrtrm

412 3414 550 3456 SnEcLu
572 3413 766 3454 sansacu.
791 3391 850 3455 Hic
871 3392 1027 3456 Lambino
1057 3391 1137 3457 duce
1165 3391 1250 3456 docti
1277 3391 1427 3460 homines
1451 3394 1513 3459 fere

410 3494 455 3558 ita
476 3493 674 3572 iudicarunt,
695 3492 876 3557 Simeonem
898 3494 1029 3558 Bosium
1050 3494 1227 3560 rectissime
1250 3513 1268 3559 e
1290 3500 1400 3560 vetere
1423 3495 1513 3578 scrip

411 3601 483 3660 tura
510 3593 630 3659 eruisse
661 3595 825 3660 Olaricitat
845 3617 959 3674 Lars,
981 3595 1084 3662 donec
1110 3601 1218 3660 nostro
1246 3601 1391 3679 tempore
1414 3598 1514 3663 Alber·

410 3704 462 3763 tus
484 3696 658 3780 Forbigm,
681 3695 834 3760 Orellium
856 3702 983 3776 tamen,
1002 3697 1123 3783 nequid
1150 3698 1219 3781 ipse
1248 3697 1369 3764 audere
1397 3699 1514 3766 videre·

410 3805 480 3879 tur,
505 3799 565 3864 hoc
587 3803 660 3862 ante
688 3817 723 3863 se
750 3796 868 3862 dixisse
891 3804 1044 3877 testatus,
1065 3799 1271 3864 claricitaadi
1288 3800 1425 3865 verbum
1447 3803 1514 3866 ‘non

411 3901 497 3966 omni
520 3901 620 3966 solum
646 3900 830 3965 austeritate
854 3900 1002 3984 destitui,
1019 3899 1076 3964 sed
1098 3900 1192 3964 etiam
1215 3902 1387 3985 analogiae
1410 3902 1514 3968 adver·

411 4002 502 4086 sari',
529 3999 723 4066 confidenter
756 4003 992 4084 pronuntiaret:
1016 4022 1080 4084 qua
1107 4001 1288 4067 fortitudine
1323 4004 1448 4071 scilicet
1478 4004 1514 4068 sd

409 4102 537 4168 laudem
559 4103 679 4185 ingenii
701 4112 900 4185 grassaretur
922 4110 953 4170 et
974 4105 1016 4169 ad
1032 4104 1287 4169 emendationem
1309 4106 1512 4190 pariendam,

411 4224 493 4287 quae
508 4205 570 4288 ipsi
585 4205 746 4270 ‘facillima
762 4211 812 4290 et,
828 4205 896 4271 fere
912 4206 1049 4285 dixerit,
1066 4205 1254 4272 certissima'
1275 4225 1350 4272 esse
1365 4209 1439 4275 visa
1453 4214 1512 4275 est.

410 4326 450 4372 ea
461 4313 565 4374 autem
581 4314 629 4373 est
644 4308 738 4372 huius
753 4308 860 4384 modi,
883 4311 922 4373 Ut
937 4334 1019 4373 aciae
1030 4310 1186 4373 meotidas
1198 4333 1213 4373 e
1224 4312 1353 4395 mappis
1368 4310 1513 4376 decursa

410 4422 511 4497 aquai
526 4413 631 4477 Clarii
647 4414 722 4475 citat
743 4411 803 4474 late
818 4413 958 4475 sitientia
979 4412 1241 4496 acetaferaram.
1259 4429 1324 4491 quo
1341 4416 1512 4477 commento

410 4512 532 4578 nullum
546 4511 706 4578 infelicius
723 4510 855 4591 cogitari
877 4516 1003 4593 potest.
1020 4531 1094 4575 nam
1110 4511 1265 4576 decursus
1286 4532 1395 4594 aquae
1417 4529 1512 4596 neque

409 4618 484 4680 citat
509 4596 613 4697 feras,
634 4611 695 4675 hoc
718 4618 766 4677 est
792 4618 847 4676 aut
872 4613 915 4677 ad
938 4633 1063 4678 cursum
1084 4613 1215 4695 instigat
1236 4618 1291 4677 aut
1312 4615 1446 4682 nomine
1466 4635 1511 4697 ap

408 4716 528 4800 pellat,
548 4734 653 4797 neque
679 4716 786 4780 abac:
808 4715 968 4797 quomodo
996 4715 1118 4781 dicatur
1138 4715 1314 4798 intellego:
1338 4716 1411 4800 ipse
1438 4716 1511 4783 enin
