3509 5442
799 564 843 629 vl
1310 569 1373 634 383

261 739 479 820 substramen,
503 737 691 821 discrimen,
714 736 885 816 abdomen,
905 757 1090 822 copnamen,
1109 759 1318 820 praenomen.
1340 737 1373 802 in

263 839 333 904 Silii
345 844 476 923 xn,444
486 840 699 921 subs-tamine,
716 837 770 903 ubi
785 841 871 903 reete
888 833 973 900 docti
987 837 1219 916 substramina,
1233 839 1373 904 [mabrica

263 943 403 1008 roboreis
426 940 484 1006 sed
504 954 594 1006 eram
608 942 820 1005 substramina
836 939 1014 1025 plaustm‘s,
1035 937 1136 1023 Inque
1151 936 1239 1022 (libri
1256 941 1372 1026 Atque)

264 1068 373 1108 recens
401 1044 490 1108 caesi
507 1055 592 1128 terpo
611 1042 767 1128 prolapsa
788 1041 916 1105 invenci
933 1039 1129 1124 Aequoream
1154 1054 1223 1105 rota
1244 1040 1375 1106 ducebat

260 1169 320 1232 per
332 1147 486 1232 pramrna
495 1144 632 1230 puppim
645 1191 651 1205 .
668 1162 688 1205 a
702 1140 809 1206 verbis
824 1139 945 1224 primae
960 1143 992 1202 et
1006 1145 1138 1220 quartae
1154 1140 1375 1207 declinationis

264 1266 328 1311 non
344 1252 420 1311 ante
437 1244 582 1311 Ovidium
597 1242 681 1308 facta
695 1268 895 1324 revocamen,
917 1265 1120 1324 renovamen,
1142 1246 1373 1326 remoramina,

264 1349 460 1415 relevamina
470 1397 479 1429 ,
491 1348 685 1432 respiramen
697 1396 705 1427 ,
719 1346 959 1431 adspiramina,
972 1345 1174 1426 oblectamen,
1188 1347 1373 1428 inritamen,

264 1450 433 1536 suffimen.
450 1447 584 1529 exiguae
606 1447 656 1512 vel
677 1445 794 1511 nullius
810 1445 1005 1509 auctoritatis
1020 1446 1189 1531 adfamen,
1206 1447 1374 1532 affamina,

260 1551 453 1638 praefamen
464 1601 472 1633 ,
479 1550 652 1637 perflamen
663 1599 672 1631 ,
686 1549 872 1636 alliqamen,
888 1547 1105 1633 adspectamen
1112 1599 1121 1630 ,
1134 1548 1373 1631 adhortamina,

265 1643 542 1734 antecantamina,
565 1651 741 1715 incolumen
756 1699 762 1713 .

351 1758 425 1823 616.
449 1752 671 1816 Pisaurense
695 1773 759 1814 son
781 1773 956 1814 noanon,
980 1751 1147 1834 Oblongus
1162 1752 1263 1836 prima
1279 1774 1374 1818 manu

264 1881 436 1942 maantam.
458 1854 612 1920 Marullus
633 1876 784 1917 usensis
808 1875 893 1916 son.

352 1960 427 2027 621.
451 1978 496 2020 sn
518 1976 688 2027 nasone.
712 1952 932 2039 Antiquissimi
956 1960 1152 2023 correctores
1174 1980 1238 2020 ss.

351 2065 426 2130 624.
456 2080 670 2121 vennenses
701 2080 875 2129 secunus
907 2079 1041 2120 vnum.
1069 2058 1218 2124 Absurde
1247 2065 1278 2123 et
1305 2059 1374 2125 sine

266 2162 409 2248 pondere
432 2159 597 2244 repetitio,
619 2178 689 2224 eum
704 2158 916 2244 praecesserit
933 2161 1011 2224 Tam
1030 2185 1128 2246 porro
1149 2165 1235 2226 senti
1254 2187 1376 2250 quoque

266 2289 416 2353 maenam
431 2264 537 2328 tollere
549 2275 673 2347 partem
695 2263 819 2326 Umoris
833 2278 987 2348 possunt.
1006 2283 1067 2328 neo
1082 2268 1187 2326 tamen
1202 2270 1289 2329 recte
1304 2266 1374 2330 Iuli

268 2391 410 2454 aequora
418 2367 514 2452 ponti
523 2388 533 2427 :
543 2383 618 2426 nam
634 2382 717 2444 quse
733 2369 882 2428 secuntur
897 2364 974 2429 satis
990 2364 1134 2446 intellegi
1147 2386 1210 2430 nan
1222 2374 1375 2450 possunt,

216 2504 224 2509 -
268 2469 328 2535 uisi
344 2464 494 2533 addimus
509 2485 573 2549 qus
588 2483 623 2530 re
643 2463 839 2543 efficiantur,
860 2466 924 2544 its,
947 2489 1077 2530 vnnms
1108 2469 1178 2532 lma
1200 2485 1285 2535 noste
1307 2474 1376 2535 vias

270 2572 421 2658 quoniam
439 2591 593 2653 persaepe
614 2567 755 2632 ridemus
777 2568 906 2632 Siccari
915 2617 921 2630 .

354 2673 428 2740 626.
451 2688 659 2733 cunenses·
683 2668 886 2735 correctores
907 2675 1032 2734 veteres
1055 2693 1234 2734 cnusrss.

203 2836 209 2855 ,,
354 2776 428 2842 629.
450 2793 488 2833 1n
511 2792 639 2834 oss1s.
669 2771 707 2834 In
736 2793 821 2834 oum
842 2771 1017 2836 Marullus.
1041 2772 1194 2855 proximis
1215 2774 1377 2855 Vergilius

203 2922 213 2939 .
267 2876 365 2941 utitur
380 2874 459 2937 Aen.
475 2895 506 2954 x,
520 2876 582 2941 807
597 2873 662 2950 ita,
682 2874 767 2936 Dum
780 2873 889 2959 pluvit
904 2876 937 2936 in
953 2877 1065 2938 terris.
1086 2874 1140 2939 ubi
1154 2874 1283 2941 Servius
1300 2876 1376 2940 mire

203 3006 216 3062 ς·
268 2973 471 3042 archaismon
495 2973 570 3039 dicit
596 2977 629 3038 in
653 2976 765 3054 terris,
790 2972 915 3039 scilicet
937 2975 1170 3040 constructione
1192 2978 1375 3061 antiquata3

203 3120 228 3164 ξ.
269 3075 356 3160 quod
379 3073 456 3139 mihi
478 3075 610 3158 antiqua
632 3075 834 3158 simplicitate
858 3075 1001 3140 additum
1024 3095 1096 3141 esse
1111 3078 1216 3161 potius
1230 3079 1375 3158 videtur,

203 3208 216 3267 ’ς
270 3200 340 3244 oum
363 3176 479 3242 abesse
501 3183 629 3260 posset.
646 3179 752 3244 debuit
766 3181 867 3262 enim,
883 3178 1005 3262 inquit,
1023 3178 1126 3246 dicere
1141 3183 1175 3245 in
1191 3194 1313 3246 terras:
1331 3195 1342 3245 t
1364 3223 1375 3231 -

203 3328 217 3365 :-
270 3307 339 3348 men
367 3278 529 3345 sciendum
557 3281 783 3345 bemisticbium
811 3283 866 3345 boc
890 3282 1036 3344 Lucretii
1054 3305 1144 3365 esse,
1172 3283 1256 3368 qaod
1276 3286 1322 3347 ita
1343 3298 1377 3348 ut

270 3385 390 3449 incenit
417 3381 575 3466 Verpileus
597 3381 642 3444 ad
661 3407 753 3447 suum
776 3383 937 3446 transtulit
959 3406 1104 3448 carmen.

355 3487 429 3552 632,
455 3503 545 3545 anns
566 3503 699 3550 usam.
724 3481 892 3548 (innector
914 3481 1058 3565 quadrati
1081 3491 1112 3548 et
1134 3486 1289 3553 Antonius
1305 3488 1378 3552 Flo-

269 3585 413 3651 rentinus
434 3605 564 3648 uisse.

355 3691 430 3755 638.
458 3707 733 3769 mamnonsnu
761 3708 871 3749 rums
894 3709 1035 3750 onnus.
1060 3688 1225 3753 Corrector
1248 3691 1377 3772 oblongi

269 3809 451 3853 nerum.
474 3786 520 3851 its
542 3786 685 3852 scholion
699 3787 820 3851 Lucani
835 3811 865 3865 x,
880 3792 942 3856 248
963 3788 996 3851 in
1016 3787 1098 3852 libro
1114 3789 1267 3855 Bernensi
1283 3811 1377 3873 quem

268 3891 400 3959 saeculo
423 3887 545 3954 decimo
573 3888 722 3972 seriptum
744 3887 898 3953 Sinnerus
920 3888 1020 3953 dicit.
1047 3888 1081 3953 in
1111 3909 1149 3954 eo
1178 3890 1299 3955 scholio
1327 3893 1378 3956 hie

266 4011 384 4060 versus
406 4009 477 4055 eum
501 3990 640 4073 quinque
662 3989 815 4074 proximis
836 3989 994 4072 profertur
1016 4009 1056 4055 ex
1077 3991 1158 4056 libro
1181 3999 1290 4069 sexto,
1313 4013 1377 4056 nnn

265 4115 283 4161 e
306 4115 340 4172 ν,
354 4095 439 4159 272.

355 4198 430 4262 639.
453 4215 521 4256 rsa
542 4215 686 4257 rsucss
709 4214 842 4257 uounrs
865 4215 910 4257 ur
934 4215 1122 4257 aurnuns.
1141 4193 1307 4259 Correotor
1322 4196 1378 4260 ob·

261 4295 359 4378 longi
380 4316 538 4359 esoces.
560 4296 591 4360 a
606 4295 727 4360 litteras
742 4294 901 4376 oblongus
916 4293 1013 4361 habet
1026 4295 1059 4359 in
1074 4296 1171 4360 litura
1180 4318 1189 4374 ;
1205 4315 1301 4360 versu
1315 4301 1377 4365 669

259 4405 295 4466 et
308 4401 381 4473 681
403 4394 490 4462 idem
504 4398 642 4462 Aetneus
664 4401 695 4460 et
710 4398 809 4480 Etne,
829 4396 1003 4479 quadratus
1018 4399 1176 4464 Aetbneus
1191 4400 1223 4462 et
1236 4398 1378 4480 Aetbne,·

256 4503 295 4568 in
321 4521 345 4578 1,
359 4500 423 4567 722
445 4502 578 4581 uterque
600 4500 720 4564 Aetnen
731 4524 743 4583 ,-
768 4497 802 4563 in
823 4520 856 4578 11,
869 4505 933 4568 593
956 4501 1116 4582 oblongus
1138 4501 1276 4581 Aetnae,
1300 4515 1378 4579 qua·

255 4605 383 4670 matus
403 4600 566 4666 Aetbnae.

355 4707 431 4775 641.
461 4723 584 4775 uncus
609 4723 700 4768 suns
720 4724 999 4785 unnsukssscm
1020 4726 1066 4767 ns
1090 4721 1235 4766 coonrs
1255 4700 1378 4763 Fisu-
