3509 5442
325 580 367 645 74
863 577 895 640 Π

323 753 435 815 stultas
450 749 505 814 ubi
525 748 559 812 in
573 748 689 813 nostris
706 753 754 812 est
768 751 901 812 miseros
913 772 923 810 .·
937 747 1012 812 item
1031 745 1188 811 [lactantii
1203 745 1432 828 exemplarium

323 852 423 916 maior
443 869 519 935 pars
536 851 680 927 Qualibet
701 852 736 914 iu
758 851 911 914 cenchrin.
928 869 1002 912 mox
1023 848 1148 914 Nonius
1170 869 1200 930 p.
1217 851 1290 925 278,
1305 851 1347 915 15
1369 849 1430 912 De·

322 956 427 1039 pimus
448 952 525 1017 hoc.

413 1059 460 1122 16.
483 1075 603 1116 nonna
627 1077 789 1118 vinnan.
811 1055 957 1118 Donatus
982 1044 1024 1117 a‘d
1046 1052 1268 1117 Phormionem
1290 1050 1431 1115 Terentii

322 1180 355 1235 11,
375 1161 434 1234 1,2
450 1157 527 1219 ‘Nec
550 1181 650 1219 meunt
673 1158 840 1240 imperium
852 1155 872 1217 .'
894 1181 974 1220 rura
988 1149 1248 1240 ἀποσιώπησις.
1269 1177 1345 1217 rrum
1367 1170 1430 1215 non

323 1259 465 1343 sequitur
484 1255 541 1320 sed
559 1255 652 1340 (haec
668 1256 848 1320 coniunctio
868 1256 1008 1321 delenda
1022 1257 1084 1341 est)
1098 1281 1105 1320 :
1121 1257 1228 1321 intulit
1243 1257 1326 1320 euim
1348 1273 1428 1334 age.

322 1359 510 1424 subauditur
532 1371 635 1422 autem
654 1357 811 1422 revereri.
827 1360 872 1420 sic
888 1360 1056 1423 Lucretiam
1073 1361 1185 1423 Nonne
1206 1356 1314 1422 uidere
1328 1403 1335 1417 .
1351 1355 1429 1419 haec

323 1459 481 1524 aGifanio
493 1463 578 1523 recte
590 1458 691 1523 relata
701 1458 735 1521 in
747 1458 961 1523 conlectaneis
975 1480 1005 1542 p.
1019 1465 1082 1529 383
1094 1457 1328 1523 Wakefieldum
1338 1454 1429 1520 Eich-

323 1560 458 1624 stadium
486 1560 694 1641 Forbigerum
722 1579 786 1622 non
815 1560 1011 1624 retinuerunt
1039 1581 1103 1643 quo
1130 1561 1234 1624 minus
1258 1557 1430 1641 probarent

324 1661 410 1742 quod
431 1661 520 1725 Italis
543 1668 574 1726 ct
585 1662 719 1726 Marullo
742 1661 926 1744 placuerat,
942 1688 1043 1727 nonne
1064 1663 1172 1726 videre
1194 1676 1259 1743 ect5
1275 1659 1363 1741 quod
1384 1659 1429 1722 di-

323 1761 414 1826 cendi
436 1781 540 1843 genus
554 1763 702 1828 Lucretio
717 1762 885 1843 indignum
907 1782 979 1827 esse
994 1755 1135 1827 dicemus
1149 1763 1231 1827 libro
1255 1785 1284 1839 v,
1298 1766 1383 1829 533.
1398 1765 1430 1823 at

321 1862 401 1926 illud
416 1863 549 1927 alterum
564 1865 713 1929 Latinum
729 1871 761 1929 et
775 1864 967 1946 exquisitum
990 1869 1057 1942 est,
1073 1889 1174 1930 conce
1188 1864 1321 1931 uidere?
1335 1861 1370 1924 in
1383 1861 1429 1925 in-

322 1964 527 2046 dignatione,
543 1966 603 2030 hoc
626 1973 675 2031 est
696 1986 801 2030 nonne
824 1965 961 2030 vident?
981 1966 1027 2030 sic
1046 1966 1087 2028 M.
1103 1965 1229 2030 Tullius
1251 1965 1292 2029 de
1314 1964 1429 2027 finibus

321 2090 354 2149 11,
368 2071 410 2134 29
426 2069 481 2132 hoc
501 2093 573 2133 vero
595 2093 657 2133 nou
672 2069 777 2133 cidere
790 2070 803 2133 1
818 2067 933 2148 quibus
952 2087 1026 2130 mox
1042 2067 1240 2133 subiciuntur
1260 2067 1360 2144 haec,
1376 2069 1429 2131 too

322 2172 421 2254 zjquu
432 2169 515 2233 idem
530 2193 592 2233 nou
607 2169 709 2234 videt.
725 2168 769 2231 ibi
783 2168 973 2252 interpretes
996 2168 1118 2234 addunt
1139 2188 1180 2232 ex
1195 2168 1339 2232 eiusdem
1355 2187 1429 2252 ope-

322 2269 365 2332 ris
377 2267 457 2332 libro
473 2292 516 2347 rr,
534 2276 572 2339 76
588 2273 643 2335 hoc
659 2294 720 2334 uon
734 2271 865 2336 uidere!
881 2276 966 2335 etex
981 2270 1062 2333 lihro
1077 2293 1098 2332 v
1113 2270 1146 2334 in
1157 2271 1289 2334 Verrem
1306 2274 1348 2336 14
1362 2282 1428 2332 taa-

322 2384 425 2434 tumne
437 2371 554 2436 uidesne
569 2375 603 2435 in
614 2385 695 2435 metu
703 2375 911 2458 periculoque
917 2375 1127 2458 prouinciae?
1141 2371 1227 2436 idem
1240 2391 1300 2454 pro
1311 2369 1430 2435 Cluen-

322 2455 420 2538 tiolo
440 2496 457 2536 o
476 2473 646 2538 audaciam
666 2475 861 2559 singularem
877 2475 890 2537 1
910 2499 1010 2539 uonna
1032 2472 1101 2556 (alii
1122 2472 1199 2558 non)
1219 2475 1382 2555 timuisse,
1401 2475 1433 2536 si

321 2576 426 2637 miuus
440 2576 504 2638 criu
519 2575 647 2640 deorum
659 2576 1032 2661 homt'numquefomum,
1049 2590 1082 2640 ct
1092 2576 1184 2639 r'llom
1197 2577 1301 2660 ursam
1312 2589 1429 2640 noctem

311 2675 470 2760 facesque
485 2677 668 2762 nuptiales?
683 2701 745 2741 nou
757 2676 851 2740 limen
862 2678 1018 2758 cubiculi,
1034 2702 1096 2740 nou
1108 2678 1208 2741 cubile
1212 2677 1309 2761 fidene
1321 2725 1329 2740 .
1347 2695 1430 2757 quac

321 2782 395 2840 sunt
409 2776 533 2842 acriora
553 2796 648 2859 quom
668 2776 696 2841 si
711 2775 845 2841 dixisset
863 2777 948 2842 videt
966 2778 1047 2842 cidit
1069 2780 1190 2842 timuit.
1207 2777 1376 2841 Terentius
1397 2777 1432 2840 in

322 2876 445 2942 Andria
459 2903 479 2956 1,
492 2887 522 2956 5,
537 2883 576 2947 18
594 2881 766 2943 Tantumne
781 2903 846 2942 rem
861 2891 925 2942 tom
937 2880 1129 2965 necleyenter
1143 2880 1263 2965 apere?
1277 2883 1309 2942 et
1324 2901 1354 2955 r,
1366 2884 1397 2956 3,
1410 2884 1431 2946 8

321 2979 410 3066 Adeo
423 2982 576 3066 repetenti
585 3006 650 3046 esce
662 2983 766 3046 animo
779 2981 792 3044 l
806 2978 883 3043 item
895 2978 928 3042 in
939 2979 1095 3044 Eunucho
1110 3002 1153 3056 1v,
1162 2983 1219 3056 3,2
1231 2981 1355 3044 Hocine
1365 2994 1431 3045 tum

322 3081 695 3168 cuduufocr‘nucfocere
711 3107 776 3148 esse
787 3106 900 3145 cusum
913 3083 927 3144 2
940 3081 1020 3146 haec
1032 3080 1161 3162 quidem
1173 3079 1281 3144 omnia
1291 3081 1325 3145 in
1337 3083 1431 3147 tertia

321 3201 478 3265 persona,
494 3183 536 3247 ad
559 3205 655 3265 quam
677 3203 716 3247 ea
731 3201 859 3264 quoque
879 3182 1057 3265 pertinent,
1073 3181 1224 3262 aquibus
1248 3183 1355 3246 exorsi
1376 3202 1431 3247 su·

323 3304 393 3348 mus
406 3334 414 3362 ,
429 3284 463 3347 in
477 3285 668 3348 Phormione
683 3308 717 3363 11,
733 3294 759 3363 1,
772 3289 813 3362 2,
830 3287 921 3349 Itone
941 3285 1066 3349 tandem
1080 3309 1209 3349 umorem
1229 3285 1321 3350 duait
1335 3287 1432 3351 Auti-

315 3388 381 3471 pho
404 3387 528 3450 trtiussu
550 3411 615 3451 meo
628 3389 641 3449 2
656 3389 722 3453 Nec
744 3413 844 3452 meum
866 3389 1053 3472 imperium,
1069 3411 1107 3451 ac
1130 3385 1232 3464 (multi
1247 3388 1319 3473 ape)
1341 3391 1430 3454 mitto

321 3490 488 3572 imperium
498 3537 506 3565 ,
522 3512 583 3552 uon
595 3491 783 3554 scinultctent
795 3514 893 3553 meum
907 3490 1060 3553 Revereri
1068 3490 1177 3552 saltem
1189 3490 1203 3552 1
1218 3489 1431 3575 rroupudere?

320 3589 461 3654 secunda
476 3608 614 3672 persona
636 3597 685 3656 est
706 3591 739 3654 in
760 3589 829 3655 his.
845 3590 880 3652 in
894 3589 1049 3654 Eunucho
1065 3614 1098 3668 11,
1114 3596 1140 3669 1,
1153 3595 1174 3657 2
1197 3593 1238 3654 cl
1252 3591 1405 3671 Recitare
1416 3593 1430 3656 1

320 3697 416 3779 quasi
429 3693 561 3780 dffflcile
576 3694 636 3757 sit.
652 3693 685 3756 in
696 3692 887 3756 Phormione
903 3714 932 3769 r,
945 3697 974 3769 9,
987 3698 1029 3759 53
1044 3694 1106 3756 Nil
1116 3693 1236 3778 pudere
1248 3694 1262 3756 i
1276 3690 1310 3755 in
1320 3693 1430 3757 Heau-

319 3794 584 3858 tontimorumeno
601 3816 630 3873 v,
642 3801 673 3873 4,
689 3800 727 3863 18
742 3796 816 3858 Nou
837 3795 920 3858 mill
931 3794 1161 3880 perfodientes
1176 3793 1334 3857 adducere
1357 3807 1429 3859 aule

319 3896 423 3959 oculos
442 3897 456 3959 1
477 3896 538 3960 hoc
563 3902 612 3961 θεῖ
630 3899 713 3962 ΙΝοε
743 3894 879 3960 adducis
908 3894 1141 3959 meretricem?
1163 3894 1217 3958 uhi
1249 3894 1429 3960 Bentleium

320 4015 385 4058 non
406 3997 581 4079 intellego.
598 3999 700 4082 prima
722 4016 860 4081 persona
880 3997 985 4061 locum
1007 3995 1103 4060 habet
1122 3996 1156 4059 in
1177 3995 1332 4076 hisquae
1355 4003 1430 4062 sunt

319 4097 352 4160 in
373 4097 496 4164 Andria
518 4123 547 4178 v,
566 4105 595 4183 2,
613 4104 675 4179 29,
697 4125 797 4165 nonne
825 4113 852 4163 te
874 4101 1000 4163 miseret
1020 4101 1112 4163 mei?
1134 4101 1268 4163 Tardum
1291 4100 1429 4164 laborem

320 4224 432 4284 cepere
458 4204 494 4264 ob
518 4203 610 4266 tolera
622 4203 758 4288 fllium!
780 4199 841 4265 hoc
872 4204 922 4263 est
943 4202 1053 4285 capio.
1071 4199 1215 4264 similiter
1236 4199 1369 4265 Plautus
1394 4201 1429 4265 in

320 4299 485 4365 Aulularia
500 4326 533 4381 n,
545 4311 575 4382 5,
591 4309 629 4370 12
648 4306 721 4368 Tibi
732 4303 959 4388 rectejccere?
974 4301 1035 4366 hoc
1057 4308 1105 4366 est
1118 4301 1191 4366 Tibi
1213 4303 1295 4366 bene
1316 4301 1428 4369 facio?

319 4404 447 4490 quando
471 4406 557 4489 quod
566 4408 681 4491 facim
696 4408 804 4491 perit.

408 4510 457 4574 17.
480 4508 594 4571 N1u1n
616 4529 731 4570 amno
760 4530 834 4570 suu
857 4530 1338 4586 urrunnunlrnnan,u1sr
1361 4533 1427 4588 nn,

321 4629 384 4678 our
413 4607 588 4672 Corpora
620 4632 823 4674 smoncros
856 4634 980 4675 nonoa
1006 4634 1113 4674 εεεῐτ
1134 4662 1141 4690 ,
1162 4633 1283 4674 usura
1311 4634 1427 4676 raun-

320 4733 391 4775 nua
418 4711 587 4781 Iuonnoo
616 4735 755 4794 senso,
783 4737 876 4779 cuns
905 4736 1049 4779 senona
1075 4736 1250 4786 unrocus
1274 4761 1281 4776 .
1309 4714 1346 4778 In
1376 4712 1427 4780 his
