3509 5442
417 552 482 617 234
949 549 993 615 lV

417 742 561 784 uoosu.
577 721 673 785 Retro
690 745 817 786 *rursum
833 720 1011 803 oblongus,
1027 735 1196 787 retrorsum
1213 720 1392 804 quadratus
1414 726 1448 786 et
1461 741 1521 785 eor·

400 826 520 887 'rector
546 820 700 904 oblongi.
721 822 754 885 in
781 822 842 887 fine
877 822 1078 889 seribendum
1112 844 1373 887 cosvaerrrus
1399 823 1516 904 eodem,

417 930 452 988 ut
473 923 506 986 in
528 941 623 987 versu
639 928 702 992 295
724 928 913 991 convertitur
935 931 967 990 et
984 931 1046 993 341
1071 927 1264 992 convertier:
1285 945 1343 989 our
1369 925 1452 990 enim
1473 923 1517 988 hie

417 1026 516 1091 semel
537 1024 631 1089 aliter
652 1025 793 1090 dixerit?
1551 1032 1552 1111 i

502 1127 749 1199 acrarum
774 1151 931 1194 areuna·
952 1127 1134 1206 Quadratus
1157 1131 1262 1196 Flex:
1283 1133 1445 1194 corrector
1467 1127 1512 1191 olr
1551 1126 1552 1167 3

418 1231 508 1312 longi
529 1230 674 1294 Fran.

501 1335 575 1400 342.
597 1353 715 1397 roano
743 1354 924 1397 narras.
947 1331 1130 1410 Quadratus
1148 1335 1278 1420 pariter
1302 1356 1425 1419 porro.
1450 1351 1510 1396 mor

417 1435 576 1517 oblongus
591 1438 654 1501 345
676 1450 850 1521 nequeant.
1549 1464 1552 1575 p

502 1540 575 1605 304.
599 1557 662 1607 our
691 1557 843 1608 cursous
871 1560 937 1602 asr
960 1559 1080 1601 oscas
1101 1559 1291 1601 Arouarr.
1321 1537 1511 1602 Correotores

417 1644 541 1705 veteres
564 1659 658 1702 scau
680 1657 839 1701 aourrr.

502 1745 574 1810 309.
599 1740 740 1805 Sauras
762 1763 884 1806 usum
907 1762 1071 1805 ruoour.
1096 1739 1278 1819 Quadratus
1299 1741 1440 1805 mavolt:
1455 1739 1512 1804 eius
1546 1648 1552 1822 l

418 1850 576 1909 eorreotor
597 1865 739 1922 usual,
755 1843 862 1927 itaque
885 1843 1041 1908 Antonius
1062 1841 1154 1907 Marii
1176 1848 1208 1907 et
1228 1840 1405 1906 Marullus.

501 1950 574 2013 313.
596 1967 798 2010 enormes.
815 1944 888 2010 Itali
910 1951 942 2009 et
962 1943 1138 2009 Brixiensis
1160 1943 1256 2009 editio
1279 1964 1463 2009 rsorroa.

502 2050 574 2115 317.
598 2047 713 2111 Arms
736 2070 887 2112 usurus,
910 2047 983 2112 Itali
1007 2053 1038 2113 et
1058 2046 1205 2131 impressi
1227 2067 1372 2110 uaros.

503 2154 575 2218 321.
600 2149 792 2214 Corrruuo
819 2171 946 2213 aaauu
973 2169 1184 2212 musiacas
1217 2170 1432 2213 sacuurua.
1459 2149 1515 2214 An·

415 2252 521 2317 tonius
542 2251 634 2315 Marii
664 2255 695 2314 et
717 2251 872 2316 Marullus
899 2252 1075 2317 simulacra
1102 2250 1275 2337 adoperto,
1296 2250 1454 2316 Avantius
1474 2277 1515 2318 re

415 2379 486 2419 rom
509 2352 684 2439 quaedam.
701 2351 905 2417 scribendum
928 2353 996 2418 sine
1018 2351 1115 2415 dubio
1137 2352 1239 2416 Aras
1262 2355 1430 2419 eontiaoo.

502 2459 574 2522 351.
609 2453 762 2518 Oostorr
801 2477 889 2526 ouri
917 2474 1151 2518 ocuuoauu.
1186 2454 1325 2536 Egregie
1365 2460 1516 2520 eorreotor

417 2554 562 2639 quadrati
593 2556 796 2628 Obseditous
823 2578 931 2620 vrus:
969 2556 1026 2621 sed
1059 2554 1175 2620 reotius
1203 2555 1275 2619 Itali
1307 2561 1342 2621 et
1366 2557 1515 2622 Marullus

416 2658 598 2744 obstititque
611 2706 618 2721 .

500 2763 573 2829 351.
596 2782 640 2823 ua
670 2781 881 2825 sruuuscau
903 2763 1063 2825 Possrur
1091 2781 1264 2823 usuaauu
1286 2782 1412 2824 aaron
1435 2783 1516 2825 cou-

416 2882 530 2925 racra
557 2882 722 2925 uovrar.
745 2862 901 2928 Marullus
929 2883 1134 2926 correers.
1162 2862 1219 2928 sed
1247 2869 1417 2948 praeterea
1438 2869 1517 2929 reete
1551 2918 1552 2931 .

414 2963 578 3030 Bentleius
599 2985 768 3043 novena,
785 2965 907 3032 scilieet
930 2964 1060 3044 oeulos,
1078 2970 1110 3030 et
1131 2965 1293 3031 lacessere
1315 2971 1351 3030 ut
1371 2965 1516 3032 videant.

500 3072 573 3136 355.
597 3067 771 3131 Assorus
794 3090 980 3132 orsurus.
997 3066 1180 3144 Quadratus
1202 3069 1346 3133 obtotoe:
1361 3067 1434 3134 eius
1456 3088 1517 3135 eor-
1551 3098 1552 3115 2

414 3174 519 3234 reotor
542 3174 573 3233 et
595 3167 690 3233 aeteri
713 3190 898 3234 oarusus.

500 3275 572 3340 351.
595 3269 768 3349 Paleis,
794 3293 862 3334 uae
897 3292 943 3334 ao
977 3293 1138 3335 sosraas
1170 3293 1261 3335 aras
1288 3294 1515 3339 oaaraorroa

414 3394 519 3436 1crus
537 3419 544 3434 .
565 3370 732 3435 Correotor
755 3371 902 3454 quadrati
925 3379 957 3439 et
978 3373 1074 3440 aeteri
1088 3375 1213 3438 Pasas
1236 3379 1268 3438 et
1288 3396 1399 3440 sores
1413 3402 1421 3441 :
1436 3401 1514 3441 erra-

413 3495 572 3537 suerrus
593 3472 714 3557 primus
738 3472 907 3540 Gifanius.

497 3580 569 3644 361.
594 3574 658 3638 Frr
686 3596 795 3645 oussr
826 3599 871 3640 or
902 3599 947 3640 ao
975 3599 1123 3642 rossus
1151 3600 1324 3643 saxoauu
1355 3601 1512 3646 sraucrr

414 3700 584 3744 ruamus
600 3727 607 3741 .
630 3676 702 3740 ltali
722 3683 754 3742 et
768 3677 943 3745 Brixiensis
959 3679 1056 3744 editio
1072 3681 1117 3745 od
1130 3702 1297 3744 roasuu.
1313 3695 1405 3749 torno
1420 3690 1467 3749 est
1484 3685 1512 3748 in

412 3779 555 3847 Medioeo
577 3778 711 3863 Vergilii
737 3799 847 3864 georg.
864 3805 897 3861 11,
909 3786 993 3851 449.
1014 3782 1071 3848 sed
1093 3797 1222 3849 reantur
1248 3802 1313 3848 non
1335 3784 1511 3870 habetque

412 3882 587 3949 referatur:
604 3882 699 3946 debet
722 3900 793 3947 esse
817 3904 986 3948 roaros.
1551 3958 1552 3962 Ἰ

498 3991 570 4055 368.
593 4006 679 4047 asso
701 4006 837 4047 rorssr
860 4005 923 4048 am
944 3987 1110 4051 u1s1.lta
1131 3984 1234 4069 prima
1248 4007 1346 4054 manu
1361 3989 1512 4073 oblongus

412 4089 462 4153 oli
480 4090 563 4169 nisi,
579 4107 600 4150 a
621 4093 800 4152 oorreotore
821 4109 936 4152 anuo
959 4091 1045 4154 nr'oi:
1068 4087 1242 4170 quadratus
1264 4093 1352 4156 oliui
1369 4094 1426 4158 πί.
1448 4091 1512 4156 Ser·

411 4189 482 4256 vius
510 4188 552 4253 ad
574 4187 655 4253 Aen.
671 4210 714 4267 rv,
726 4194 789 4258 654
811 4192 948 4273 umbra,
973 4216 1068 4277 quom
1089 4192 1257 4257 Lueretius
1283 4194 1330 4258 sie
1358 4193 1511 4280 definierit,

411 4293 566 4378 spoliatos
588 4292 705 4379 laniae
727 4302 802 4356 aar.
823 4289 944 4357 seilicet
966 4312 983 4357 e
1005 4312 1101 4357 versu
1116 4297 1198 4372 3773
1222 4312 1262 4359 ne
1289 4313 1385 4379 quem
1406 4293 1512 4359 fallant

411 4391 590 4458 Eiohstadii
612 4392 755 4472 somnia,
776 4414 858 4476 quae
882 4395 1012 4477 exponit
1033 4395 1066 4458 in
1087 4394 1286 4478 praefatione
1300 4417 1332 4479 p.
1345 4417 1474 4460 exxvn.

496 4500 568 4564 318.
592 4517 663 4558 sra1
684 4517 821 4560 aarum
845 4518 1014 4560 auersa.
1037 4497 1188 4581 Impressi
1207 4519 1366 4562 Araura.

495 4601 568 4666 382.
590 4596 721 4662 Uuarra
737 4620 914 4670 ousaoua
930 4621 1015 4663 surr
1037 4622 1101 4664 1110
1122 4622 1249 4664 suoru
1269 4623 1365 4666 uouc
1382 4623 1512 4666 raass-
