3509 5442
336 538 404 603 108*
869 532 899 594 Π

331 707 542 786 mante'cnlor,
563 697 784 785 τεχνάζομαι,
804 702 890 766 idem
913 721 930 767 e
954 701 1074 785 Cyrillo
1107 695 1256 788 πειράζω
1275 753 1284 780 ,
1306 717 1441 789 tempto,

331 808 493 871 manculor
508 805 617 888 (debet
632 812 737 870 autem
752 824 823 869 esse
840 803 1040 888 monticulam)
1054 828 1060 866 :
1076 803 1184 885 itaque
1198 806 1316 870 Festus
1331 825 1363 888 p.
1381 811 1441 873 133

324 919 437 993 po'e'tae
458 908 560 989 inquit
584 933 645 993 pro
668 908 771 971 dolose
799 907 879 992 qnid
898 905 1018 992 agendo
1044 909 1190 971 asismat
1218 932 1252 973 ao
1274 910 1387 973 uerbo.
1410 913 1443 972 et

332 1028 524 1090 quamquam
547 1009 613 1073 seio
634 1009 668 1072 in
690 1005 856 1089 glossariis
870 1005 965 1083 Maii,
983 1025 1064 1088 quae
1087 1012 1160 1070 sunt
1180 1008 1215 1072 in
1235 1013 1323 1073 tomo
1347 1015 1440 1075 sexto

331 1115 494 1174 auctorum
511 1110 736 1187 classicorum,
752 1130 782 1191 p.
796 1114 858 1177 533
874 1114 936 1177 566
951 1110 1159 1174 manticulare
1174 1112 1270 1192 paulo
1284 1111 1440 1195 pinguius

329 1211 374 1274 ita
396 1210 512 1293 exponi
535 1216 569 1275 ut
591 1210 715 1275 dicatur
737 1231 808 1275 esse
821 1211 987 1296 fraudare
1009 1211 1184 1297 aelfurarc
1205 1217 1256 1280 vel
1265 1217 1363 1301 furto
1388 1217 1437 1281 de-

330 1317 452 1398 cipere,
467 1313 542 1376 item
564 1312 598 1376 in
619 1311 731 1376 eodem
752 1311 808 1375 illo
831 1310 917 1394 apud
928 1311 1115 1375 Labbaeum
1130 1316 1327 1381 onomastico
1349 1343 1439 1382 man-

330 1416 516 1494 riculae-tus,
538 1411 700 1498 κλέπτης,
723 1431 816 1495 quem
840 1411 1011 1477 admodum
1033 1413 1147 1478 Festus
1170 1435 1297 1498 quoque
1325 1422 1439 1483 matati-

330 1517 437 1579 oulam'
449 1515 632 1580 debebantur
647 1514 749 1603 inquit
770 1514 980 1600 qut'fnrandt‘
996 1517 1105 1599 pratia
1120 1520 1311 1583 manticulas
1327 1534 1437 1584 attrec-

329 1618 437 1680 tabant
449 1665 457 1697 ,
479 1616 577 1680 nihilo
600 1617 704 1680 minus
730 1615 790 1680 hoo
811 1615 1001 1679 vocabulum
1023 1636 1043 1679 a
1065 1617 1219 1698 dignitate
1244 1619 1339 1684 huius
1360 1627 1437 1703 po‘ess

330 1717 422 1782 matis
450 1718 588 1783 alienum
616 1717 717 1783 videri
740 1737 804 1781 non
826 1716 949 1794 debet,
971 1736 1042 1781 cum
1064 1718 1178 1782 Festus
1201 1739 1240 1783 eo
1262 1721 1435 1786 Pacuvium

328 1819 362 1881 in
383 1819 558 1900 tragoediis
580 1841 674 1884 usum
697 1838 767 1884 esse
790 1823 922 1883 testetur
939 1841 947 1896 ;
964 1818 1054 1884 cuius
1077 1819 1140 1884 duo
1161 1840 1273 1886 versus
1294 1821 1435 1889 schedae

328 1921 494 2003 Pomponii
510 1922 602 1987 Laeti
624 1942 688 1985 non
704 1921 780 1985 satis
796 1919 938 2001 integros
954 1920 1122 2000 exhibent,
1139 1922 1203 1987 duo
1218 1923 1340 1987 nullam
1355 1923 1435 1986 diffi-

328 2022 474 2087 cultatem
497 2023 635 2102 habent,
652 2044 732 2105 quos
756 2021 897 2087 subieci.
915 2023 971 2087 Ad
990 2024 1263 2089 manticulandum
1285 2039 1357 2088 astu
1379 2050 1434 2111 ap-

324 2126 470 2212 prcdt'tar
490 2150 497 2188 :
519 2129 577 2190 scit
605 2130 687 2191 enain
713 2126 794 2213 quid
809 2127 1045 2211 promeruerit.
1067 2125 1249 2211 Aggredior
1275 2140 1348 2192 astu
1368 2152 1434 2193 rem

327 2226 479 2311 (schedae
503 2225 642 2313 reperim:
658 2226 931 2291 manticulandum
954 2239 998 2289 est
1019 2227 1118 2290 mtte'.

412 2333 484 2395 553.
509 2350 717 2406 rannerus,
733 2350 920 2403 unvanus,
936 2327 1433 2408 Arnensis,1›n0nen.oua-

327 2429 436 2493 dratus
456 2455 602 2514 prooem:
618 2435 778 2495 corrector
800 2427 950 2508 oblongi,
966 2428 1101 2495 fortasse
1125 2451 1188 2494 non
1210 2432 1264 2496 ille
1280 2433 1434 2515 antiquis-

326 2530 445 2612 simus,
460 2553 630 2595 pronun.
647 2530 733 2615 apud
747 2531 886 2596 Nonium
902 2550 932 2613 p.
946 2535 1018 2610 200,
1031 2537 1073 2598 33
1096 2532 1128 2594 in
1150 2553 1245 2598 versu
1266 2535 1343 2600 Attii
1359 2560 1434 2621 pro

229 2716 232 2724 Ι
325 2634 387 2696 rem
417 2632 483 2698 sive
502 2660 629 2720 prorem
648 2682 655 2698 .
677 2633 710 2696 in
732 2633 793 2697 tine
820 2651 932 2697 versus
960 2633 1074 2715 prioris
1101 2640 1258 2699 corrector
1284 2636 1433 2718 quadrati

325 2759 497 2815 cavernas,
521 2735 648 2818 inepte,
669 2734 761 2817 quasi
784 2733 855 2815 quis
883 2739 938 2797 aut
959 2734 1115 2800 foramina
1137 2741 1247 2802 natare
1270 2737 1357 2802 diost
1377 2746 1433 2803 aut

325 2840 508 2904 curvaturas
531 2843 710 2902 costarum:
726 2855 800 2899 nam
824 2834 910 2916 quod
930 2834 1027 2902 habet
1049 2837 1178 2903 Servius
1203 2837 1245 2902 ad
1267 2840 1433 2906 Aeneidos

323 2957 357 3013 11,
373 2940 410 3002 19
423 2939 513 3024 ‚qalr'i
520 2941 629 3025 fustes
658 2962 769 3004 curvos
790 2939 939 3020 nantum,
955 2941 1068 3025 quibus
1091 2941 1285 3005 autrensccus
1306 2944 1433 3009 tabulae

260 3070 263 3077 ·
324 3037 533 3123 affiguntur,
554 3065 708 3105 cavernas
730 3040 958 3126 appellarunt,
979 3039 1013 3102 id
1039 3040 1084 3119 ita
1110 3047 1145 3104 ut
1166 3041 1261 3105 modo
1283 3040 1432 3109 dicebam

321 3139 570 3222 intellegendum
593 3148 656 3205 est.
673 3140 830 3207 Antonius
844 3140 937 3204 Marii
959 3145 990 3204 et
1004 3141 1158 3206 Marullus
1173 3146 1336 3227 carinam,
1355 3146 1431 3210 olim

323 3241 469 3325 impressi
491 3246 639 3307 carinas.
660 3243 834 3307 Lambinus
856 3241 1036 3307 verrissime
1060 3265 1256 3323 aurnuns,
1276 3253 1310 3309 ut
1331 3246 1365 3311 in
1388 3269 1429 3327 rr,

322 3349 385 3411 439
408 3359 436 3409 ct
457 3358 542 3409 recta
563 3370 697 3430 superne
717 3347 879 3430 paderna.

409 3450 482 3513 555.
505 3467 730 3509 rnurrnnrrn
753 3468 964 3511 rnnusrss.
981 3446 1034 3510 Sic
1056 3447 1234 3530 oblongus:
1255 3449 1430 3533 quadratus

248 3585 250 3590 ·
322 3547 390 3611 sine
414 3551 490 3610 uota
504 3548 676 3632 plaustr-a.
692 3548 846 3613 Marullus
868 3570 1080 3612 arnusrnn.

407 3653 653 3718 559.1³nn011>1
674 3666 857 3714 remunera
879 3671 1009 3713 nourr.
1026 3650 1115 3715 Haeo
1135 3653 1253 3733 verba,
1274 3675 1357 3736 quae
1379 3678 1429 3723 re-

322 3756 450 3815 currunt
470 3749 505 3816 in
526 3774 556 3831 r,
575 3757 676 3831 1004,
692 3752 879 3837 interpretes
900 3751 1034 3833 Vergilii
1056 3755 1256 3821 Veronenses
1278 3757 1430 3825 exhibent

321 3852 362 3916 ad
388 3853 550 3919 Aeneidos
570 3877 603 3936 11,
622 3859 687 3933 903
708 3855 764 3919 ubi
792 3876 854 3936 quo
884 3854 954 3918 iure
986 3854 1145 3920 Henricus
1171 3857 1295 3924 Keilius
1321 3862 1459 3944 potius·

321 3957 387 4020 Nee
406 3970 529 4040 potarat
556 3981 743 4043 quemquam
765 3953 924 4021 addiderit
949 3975 1044 4038 quam
1066 3957 1207 4024 Subdola
1232 3985 1301 4025 crem
1323 3964 1427 4049 ridet,

320 4055 427 4120 dicere
455 4077 520 4121 non
540 4078 695 4141 possum.
715 4065 824 4140 nostro
851 4079 946 4124 versu
967 4058 1188 4143 Philargyrius
1214 4081 1291 4127 usus
1314 4067 1428 4130 estad

320 4177 430 4239 georg.
446 4180 489 4238 rr,
501 4164 585 4238 443;
602 4160 687 4242 apud
710 4179 804 4242 quem
823 4163 951 4246 perettus
972 4161 1089 4242 legitur
1109 4183 1167 4246 pro
1186 4164 1331 4249 placidi.

370 4308 374 4316 .
406 4263 478 4326 560.
503 4281 536 4322 sr
550 4282 734 4325 rnrrnrrn.
752 4262 919 4327 Correotor
941 4263 1088 4344 quadrati
1110 4269 1141 4328 et
1154 4264 1301 4348 impressi
1322 4271 1356 4332 se'
1373 4292 1427 4332 ιη-

319 4383 423 4425 urna.
440 4361 473 4425 in
495 4361 647 4444 proximis
669 4384 740 4427 eum
763 4384 891 4430 versum
915 4365 1004 4429 ouius
1025 4366 1149 4430 initium
1171 4375 1219 4432 est
1240 4370 1307 4434 Nec
1329 4397 1427 4438 reme-

313 4465 444 4530 ·moram'
467 4462 532 4548 (sio
558 4464 641 4528 enim
669 4464 713 4529 ibi
741 4465 893 4549 seriptum
922 4468 989 4552 ost)
1019 4468 1193 4550 quadratus
1224 4470 1319 4535 habet
1351 4479 1426 4539 ante

318 4568 500 4652 Numquam
525 4567 560 4630 e'n
582 4569 769 4632 concilium:
790 4569 848 4633 sed
869 4571 1047 4655 oblongus,
1067 4571 1181 4655 nequis
1203 4572 1426 4661 Haveroampo

319 4666 446 4749 credat,
462 4674 681 4751 nonpeccat.
1231 4706 1233 4709 v
