3509 5442
861 567 891 633 V
1369 576 1432 641 307

316 745 386 805 turn
417 746 453 805 ut
478 737 647 805 demidiam
668 757 690 801 a
716 737 841 802 medio.
865 743 1035 822 supersunt
1055 742 1213 827 prospice
1240 766 1278 806 ae
1305 740 1435 829 demoto

316 840 456 922 Naevii,
472 860 555 923 quae
577 839 701 906 Nonius
716 860 746 923 p.
762 843 833 917 155,
845 843 889 907 24
910 838 1136 923 interpretatur
1162 839 1284 906 intenta
1306 847 1338 907 et
1360 863 1436 908 con·

317 948 463 1028 tempta:
483 942 582 1020 haec,
608 940 670 1006 nisi
699 938 780 1005 ferte
812 940 1013 1007 substantiva
1039 940 1192 1006 feminina
1222 951 1296 1009 sunt
1323 965 1364 1011 ex
1395 965 1434 1011 eo

318 1063 442 1126 genere
469 1044 510 1110 de
539 1064 602 1126 qno
637 1040 704 1107 dixi
733 1039 776 1104 ad
802 1041 917 1106 librum
938 1065 972 1120 11,
988 1046 1094 1125 1116,
1115 1064 1179 1108 non
1207 1046 1311 1128 magis
1341 1046 1434 1130 capio

320 1165 419 1227 quam
435 1148 571 1212 accubuo
587 1143 692 1209 Plauti
713 1141 747 1206 in
761 1144 954 1209 Truculento
970 1166 1003 1221 11,
1015 1149 1046 1228 4,
1060 1151 1122 1226 67,
1141 1147 1228 1227 quod
1250 1147 1326 1211 mihi
1347 1147 1434 1214 vide-

320 1253 373 1311 tur
396 1266 469 1313 esse
492 1248 640 1312 occatio.

410 1353 482 1418 684.
506 1349 670 1413 Psarrrn
692 1371 729 1411 m
751 1337 903 1413 inarrs.
921 1348 1087 1416 Corrector
1110 1350 1240 1434 oblongi
1262 1353 1369 1417 Parcit
1390 1375 1433 1416 rr

322 1453 357 1516 ia
376 1452 505 1537 partc’o.

411 1557 483 1622 689.
506 1553 590 1617 Nun
611 1573 728 1616 unere
753 1575 872 1617 cosso
896 1574 1035 1617 nunnus
1051 1575 1257 1625 noumonrs
1279 1579 1324 1619 nr
1346 1579 1435 1622 nos·

323 1677 384 1719 nm
416 1655 599 1718 Dlsnnisr
636 1675 811 1725 AEQUATO
852 1677 1000 1718 CAELUM
1038 1678 1256 1721 DISCRIMINE
1294 1681 1433 1723 METAS.

323 1755 508 1834 Quadratus
529 1748 690 1823 Destinet.
712 1755 882 1822 Oreechius
909 1757 989 1821 haee
1015 1757 1060 1821 ita
1081 1757 1324 1845 interpretatur,
1341 1762 1434 1826 ‘Nam

322 1859 572 1943 septentrionem
600 1863 631 1922 et
651 1856 816 1924 meridiem
844 1879 956 1925 versus
979 1858 1100 1923 caelum
1128 1866 1229 1926 metas
1251 1860 1434 1947 (solstitium

324 1967 357 2027 et
382 1962 554 2045 brumam,
589 1980 646 2026 seu
675 1960 826 2026 circulum
857 1960 962 2025 cancri
992 1965 1024 2024 et
1054 1961 1204 2026 circulum
1236 1963 1433 2051 capricorni)

324 2062 455 2147 aequali
482 2062 585 2147 spatio
613 2061 777 2127 distinet.’
799 2081 859 2143 ego
888 2081 991 2144 neque
1012 2063 1165 2145 intellego
1193 2085 1249 2129 cur
1274 2085 1332 2131 eae
1354 2067 1436 2132 caeli

324 2170 453 2249 partes,
470 2185 490 2229 a
510 2163 627 2248 quibus
649 2164 756 2246 aquilo
780 2170 811 2229 et
832 2169 940 2228 auster
961 2157 1248 2248 oriuntur,‘eorum
1270 2173 1434 2233 ventorum

316 2267 420 2353 statuo
446 2281 543 2331 metae
570 2265 715 2332 dieantur
741 2267 828 2353 (nam
856 2286 921 2329 una
943 2275 1027 2332 meta
1053 2288 1118 2331 non
1140 2265 1329 2334 determinat
1349 2271 1435 2353 rigo·
1535 2285 1538 2292 ’

326 2387 395 2431 rem
418 2367 486 2432 sive
507 2367 659 2447 limitem,
681 2368 742 2433 hoe
764 2375 897 2433 estimo
919 2374 1036 2452 puncto
1059 2390 1124 2434 non
1147 2368 1294 2434 definitur
1314 2372 1434 2458 linea),

326 2486 434 2550 neque
456 2470 700 2552 septentrionem
727 2475 759 2535 et
780 2470 945 2534 meridiem
974 2491 1077 2552 aequo
1101 2471 1284 2537 discrimine
1312 2474 1436 2539 caelum

327 2595 425 2636 coroa
440 2572 542 2637 medio
551 2621 560 2654 ,
577 2570 635 2636 sed
650 2570 790 2637 emedio
806 2570 876 2648 sui,
894 2572 1040 2654 dcccdccc,
1057 2591 1116 2636 nec
1132 2571 1270 2654 denique
1285 2574 1437 2655 aquinco-

326 2671 407 2737 tium
428 2692 485 2756 per
507 2664 682 2739 solstitium
697 2678 728 2737 et
749 2671 894 2735 brumam
918 2670 1071 2736 efficitur.
1087 2673 1196 2755 itaque
1218 2672 1300 2738 haec
1321 2676 1438 2743 rectius
1478 2714 1485 2727 ι

327 2773 372 2838 ad
394 2774 495 2839 solem
517 2774 710 2856 referemus,
733 2772 788 2856 qui
809 2773 911 2838 medio
935 2799 1030 2838 corso
1041 2825 1050 2856 ,
1073 2772 1135 2840 hoc
1157 2781 1206 2840 est
1227 2775 1262 2839 in
1283 2774 1339 2839 illo
1362 2778 1438 2841 anni

330 2876 417 2940 nodo
431 2877 546 2961 ,flatus
569 2877 728 2963 aquilonis
751 2889 778 2940 et
801 2878 907 2939 austri
918 2877 1058 2940 Dc’cto'oet
1069 2927 1077 2958 ,
1095 2875 1217 2940 dierum
1239 2897 1278 2941 ae
1300 2877 1438 2942 noctium

329 2992 465 3064 aequato
481 2981 601 3044 coctum
616 2978 798 3043 diccrcinioc
813 2998 956 3039 uersus
970 3027 977 3055 ,
992 2975 1055 3042 hoe
1077 2982 1125 3043 est
1140 2978 1221 3042 caeli
1236 2978 1339 3062 spatia
1354 2998 1438 3043 eme·

330 3078 435 3144 tiens.

418 3185 491 3249 692.
514 3185 587 3249 693.
611 3182 739 3245 Annon
773 3203 838 3244 son
871 3205 907 3245 nr
942 3203 1014 3254 ouo
1047 3202 1233 3244 conruere
1266 3203 1439 3246 rnuroan

332 3304 513 3362 sasinus,
541 3281 713 3354 Onnrooo
747 3305 889 3347 rancis
924 3307 969 3347 nr
1004 3305 1151 3347 osunen
1183 3305 1322 3347 nonme
1355 3307 1440 3350 nos-

332 3406 469 3449 00100.
486 3383 546 3450 Η10
560 3384 737 3450 Brixiensis
760 3385 858 3450 editio
883 3392 914 3449 et
927 3385 1082 3451 Marullus
1103 3387 1265 3451 contundit
1286 3400 1440 3474 temporo,

332 3485 414 3551 duro
436 3485 589 3568 loquendi
615 3506 733 3569 genere
759 3492 790 3551 et
812 3493 965 3569 quantum
994 3487 1060 3553 scio
1086 3487 1251 3552 inaudito:
1273 3493 1356 3554 certe
1378 3491 1443 3553 Lu-

333 3587 452 3654 eretius
468 3606 565 3671 supra
579 3588 671 3652 aliter
687 3587 766 3652 dixit
781 3594 864 3666 619,
881 3592 1000 3654 Anaua
1015 3591 1064 3655 sol
1076 3593 1111 3655 c'n
1127 3616 1188 3675 qno
1203 3592 1356 3655 consumit
1370 3603 1442 3654 tem-

326 3714 413 3776 pora
429 3714 544 3755 cursu.
559 3689 610 3755 hie
631 3689 922 3755 commodissimum
938 3690 997 3755 erit
1010 3693 1131 3755 Annua
1149 3693 1199 3756 ool
1219 3694 1254 3755 in
1270 3714 1330 3776 quo
1345 3688 1444 3770 signi·
1512 3764 1514 3769 ,
1552 3688 1554 3693 ’

334 3789 404 3857 sero
417 3791 495 3857 orbe
507 3814 676 3858 oononun
684 3815 718 3855 rr
730 3806 869 3879 temporo
881 3818 1009 3879 serpena
1022 3841 1029 3856 .
1046 3789 1104 3856 sed
1118 3791 1179 3855 hoo
1189 3790 1293 3873 ipsum
1305 3814 1442 3875 carpeno,

334 3892 385 3957 eni
408 3891 514 3958 statim
537 3894 680 3960 succedit
699 3896 857 3976 lustrans,
873 3913 938 3958 non
960 3891 1062 3975 magis
1084 3891 1211 3975 placere
1234 3890 1329 3955 debet
1347 3910 1444 3974 quam

334 4012 434 4078 supra
445 3998 509 4063 524
524 3996 610 4077 quod
620 3992 840 4059 Wakefieldus
855 3996 1032 4080 probabat,
1049 4009 1153 4060 euntes
1164 4042 1172 4070 ,
1181 4007 1370 4079 pascentes.
1387 3992 1445 4059 sed

335 4095 555 4161 multominus
570 4095 644 4162 ferri
659 4101 764 4179 potest
778 4099 939 4184 obliquum
959 4096 1036 4161 solis
1053 4098 1176 4176 lumen,
1194 4115 1257 4177 quo
1278 4096 1353 4174 ille,
1370 4094 1446 4161 dum

334 4216 395 4281 per
422 4196 608 4279 signiferum
632 4196 794 4281 procedit,
818 4203 920 4262 terras
948 4203 979 4262 et
1008 4197 1130 4262 caelum
1155 4196 1289 4262 lustrare
1312 4196 1445 4262 dicitur:

334 4319 411 4365 nam
439 4301 492 4365 via
512 4300 590 4366 solis
613 4298 744 4380 obliqua
770 4304 838 4376 est,
858 4304 943 4364 totus
972 4299 1121 4381 obliquus
1148 4296 1318 4378 zodiacus,
1340 4300 1447 4365 lumen

338 4401 419 4467 solis
433 4421 635 4484 nequaquam
658 4419 784 4482 semper
799 4400 963 4481 obliquum
986 4407 1053 4466 est.
1069 4401 1130 4465 hoc
1151 4399 1247 4483 igitur
1265 4421 1359 4467 versu
1373 4399 1446 4464 trai-

337 4500 454 4569 eiende
476 4502 627 4568 facillime
648 4500 889 4585 procurabimus
902 4552 909 4581 ,
924 4502 988 4567 ita.
1004 4504 1139 4590 Propter
1160 4504 1314 4591 soporiferi
1323 4504 1448 4589 positu·

337 4630 411 4671 ram
433 4608 527 4671 totius
550 4603 953 4694 orbcoOstu1,tcrrac
976 4619 1004 4671 ct
1025 4606 1147 4670 caelum
1166 4606 1283 4671 tumim
1309 4603 1448 4667 lustrem

338 4709 466 4776 Anaua
489 4709 539 4776 cot
559 4709 595 4774 io
617 4731 678 4794 quo
700 4705 858 4773 concludit
880 4721 1019 4794 tempora
1040 4729 1188 4791 capena.

1183 4806 1250 4876 211*
1306 4861 1311 4870 .
