3509 5442
855 560 898 625 VI
1363 562 1425 627 861

318 755 406 817 qne:
427 728 513 796 idern
534 734 693 796 comestor
706 730 894 816 splendidos
909 731 1004 795 soles.
1027 729 1099 794 Itali
1121 729 1324 794 Fusuunus
1346 751 1426 792 usn:

318 829 421 896 iidem
443 831 514 896 Itali
536 837 567 896 et
588 837 748 898 corrector
770 828 918 912 quadrati
939 832 1126 918 splendidos
1149 854 1261 896 ounrs.

410 937 483 1002 209.
511 931 654 1008 Qureen
675 956 764 997 nuru
788 953 890 996 sours
913 956 960 996 eu
981 956 1138 1000 numus.
1163 934 1329 1000 corrector
1351 953 1429 1014 qua·

320 1034 407 1099 drati
429 1039 461 1100 et
483 1053 554 1098 cum
575 1034 663 1099 Italis
685 1034 882 1118 exemplaria
902 1035 1058 1120 impressa
1075 1038 1199 1122 Qnippe
1219 1038 1329 1101 etenim
1341 1083 1354 1099 ..
1370 1034 1429 1100 sed

319 1135 355 1200 in
378 1136 524 1219 proximo
547 1137 688 1202 membro
710 1142 779 1202 erat
799 1135 873 1199 item
897 1140 1006 1201 etenim
1017 1187 1026 1220 ,
1044 1142 1077 1202 ut
1092 1144 1184 1221 putes
1199 1157 1284 1202 nunc
1299 1155 1429 1202 eausam

321 1257 444 1303 causae
466 1236 551 1302 dici.
573 1236 731 1321 fugientes
757 1238 880 1303 litteras
909 1238 1028 1304 codicis
1054 1238 1219 1323 archetypi
1247 1237 1364 1303 rectius
1385 1236 1431 1301 ita

322 1338 536 1421 colligemus,
560 1339 655 1416 Quru
677 1361 790 1404 numu
813 1342 912 1405 solis.
941 1340 1048 1405 ‘nubes
1070 1358 1142 1404 cum
1164 1345 1276 1404 natura
1298 1360 1357 1405 sua
1380 1358 1431 1405 sc-

322 1439 413 1504 mina
439 1440 525 1522 ignis
553 1441 737 1525 continent,
766 1446 832 1505 tum
854 1440 920 1504 alia
942 1461 962 1505 a
982 1440 1101 1505 lumine
1124 1440 1202 1505 solis
1224 1439 1430 1525 concipiunt.

322 1546 489 1610 vernunst
500 1545 660 1630 permulta
671 1545 798 1629 vaporis
806 1541 934 1608 Semina
945 1544 1056 1608 babere
1067 1567 1161 1607 canas
1171 1545 1281 1624 nabes,
1295 1556 1323 1607 et
1333 1542 1433 1606 multe

323 1657 478 1709 necessest
501 1645 669 1731 Concipere
691 1670 731 1709 en
752 1645 828 1709 solis
850 1644 974 1708 radiis.

413 1748 485 1815 210.
509 1769 553 1810 ur
571 1767 712 1809 urrmro
732 1767 912 1810 russeus.
935 1745 1006 1809 Itali
1021 1751 1052 1809 et
1066 1743 1241 1809 Brixiensis
1256 1744 1353 1809 editio
1368 1766 1431 1807 nu-

323 1868 464 1912 annun.

412 1952 485 2016 213.
525 1969 601 2019 Qus
634 1970 795 2013 ramnus
825 1971 1003 2013 rennuis
1035 1970 1206 2013 renense
1240 1969 1430 2012 conones.

325 2051 469 2136 Fnlpnre
490 2049 684 2115 Veronensis
708 2049 830 2114 editio.
854 2056 937 2114 recte
959 2050 1113 2115 Aventius
1135 2071 1329 2114 success:
1357 2069 1432 2112 nam

312 2151 451 2237 fulgere
467 2149 619 2234 producte
633 2151 814 2217 Lucretium
836 2171 902 2216 non
924 2151 1030 2217 dicere
1052 2151 1189 2218 vidimus
1207 2151 1288 2217 libro
1305 2174 1335 2229 v,
1349 2157 1431 2220 768.

324 2271 454 2318 versum
475 2253 651 2337 proximum
673 2252 797 2318 Nonius
818 2253 914 2318 habet
935 2260 1051 2338 pbOb,
1071 2257 1130 2321 12.

414 2357 486 2423 216.
514 2377 740 2419 ruensrrus.
764 2355 787 2418 Ι.
811 2355 846 2419 Β.
869 2355 946 2420 Pius
968 2378 1153 2420 rucarms.

414 2459 486 2523 217.
520 2479 592 2520 suu
615 2477 695 2521 erue
718 2477 858 2520 rannac
882 2458 1057 2522 Teneone
1080 2481 1122 2521 nr
1146 2479 1250 2522 sorms
1273 2481 1432 2523 nuncu.

327 2559 372 2622 Et
400 2579 534 2622 source
562 2557 739 2622 Marullus.
763 2556 983 2622 Wakefieldus
1007 2579 1077 2624 cum
1100 2559 1233 2624 Antonio
1255 2558 1345 2622 Marii
1368 2558 1433 2623 filio

326 2661 459 2742 sortitis,
476 2659 568 2743 quasi
581 2659 616 2723 in
629 2658 691 2747 hoc
706 2677 825 2740 genere
847 2657 1002 2740 quidlibet
1024 2660 1144 2727 audere
1164 2659 1278 2724 liceat.
1295 2659 1434 2741 genetivi

326 2759 485 2831 innumeri
497 2765 570 2827 sunt
580 2811 588 2839 ‚
599 2765 634 2824 ut
645 2763 756 2843 sonin',
770 2763 893 2841 ornati,
908 2760 1051 2844 adventi,
1060 2764 1173 2848 pontiti
1179 2785 1189 2826 :
1199 2760 1337 2844 pluralia
1347 2760 1436 2825 nulla

327 2862 424 2945 novi,
440 2861 502 2928 nisi
512 2864 611 2950 flecti
622 2868 654 2928 et
667 2864 755 2927 versi
762 2912 770 2943 ‚
788 2861 866 2926 etin
882 2861 1021 2945 obliquis
1037 2887 1215 2945 versorum,
1232 2864 1351 2944 versis,
1367 2886 1434 2947 spe-

328 2966 376 3030 cis
388 3013 396 3041 ‚
408 2965 516 3051 fetis,
539 2966 674 3046 cantis,
699 2982 781 3045 quae
804 2968 953 3027 notarunt
973 2964 1097 3029 Nonius
1115 2985 1146 3048 p.
1159 2968 1232 3042 487,
1248 2965 1290 3032 28
1305 2969 1377 3042 488,
1396 2967 1432 3029 11

327 3070 402 3149 489,
419 3069 528 3149 5492,
544 3071 563 3134 8
587 3070 619 3130 et
640 3064 821 3130 Priscianus
843 3084 873 3147 p.
889 3068 970 3131 712.
991 3070 1076 3130 errat
1093 3065 1217 3131 Nonius
1236 3065 1270 3130 in
1288 3067 1435 3131 mnenn’s

327 3187 360 3250 p.
376 3171 447 3246 138,
464 3171 504 3235 9.
1063 3190 1065 3195 ·

416 3272 489 3337 219.
513 3268 620 3345 Quen
644 3289 760 3332 suess
782 3290 869 3345 ssu,
890 3290 1037 3333 rennues
1060 3291 1222 3333 ennam
1245 3291 1435 3334 contererer

328 3372 527 3454 Futurus,
551 3390 773 3433 securatur
798 3393 883 3434 rcru
905 3394 948 3435 nr
969 3394 1105 3436 rnusrr
1129 3394 1294 3437 vseonrs
1318 3371 1436 3437 Sroun

329 3492 531 3544 sonasque
560 3493 695 3535 cnsvrs
725 3495 908 3537 usuarius
938 3496 1114 3538 sensurus
1141 3496 1276 3557 quam.
1307 3476 1437 3540 Alantes

328 3575 474 3640 sntdnn‘s
490 3572 683 3655 quadratus.
706 3575 881 3640 Lambinus
897 3576 1070 3642 rectissime
1086 3598 1199 3648 ourur
1214 3591 1331 3641 natura
1339 3599 1436 3661 prce·

329 3678 400 3742 dita
417 3690 571 3757 constent,
587 3681 621 3739 ut
634 3695 730 3742 versu
744 3682 804 3745 739
818 3725 825 3739 .
841 3681 907 3741 tum
922 3702 1038 3763 vapore
1053 3677 1199 3762 impressi
1215 3697 1345 3742 omnes:
1366 3677 1437 3741 Itali

329 3784 363 3844 et
376 3778 530 3843 Marullus
552 3777 715 3842 declarant
737 3781 816 3843 s'ctns
840 3793 868 3843 et
889 3780 995 3842 innata
1012 3776 1180 3861 (Marullus
1201 3777 1255 3842 vel
1274 3774 1437 3841 (laudidus

329 3880 439 3965 mista)
461 3903 578 3966 vapore
592 3878 713 3964 Segne.
735 3879 793 3944 sed
814 3879 895 3944 ictus
916 3878 1076 3958 fulminis,
1097 3878 1130 3942 id
1152 3883 1200 3943 est
1221 3878 1339 3962 plaga,
1360 3898 1438 3960 quo-

329 3980 426 4048 modo
457 3980 598 4046 declaret
626 3980 753 4063 igneam
784 4001 856 4047 esse
886 3981 1028 4046 fulminis
1054 3986 1200 4045 naturam
1227 3998 1292 4043 non
1318 3977 1436 4044 video.

330 4081 548 4148 Wakefieldus
579 4081 734 4147 subbalbe
764 4103 801 4148 ac
830 4083 1010 4148 subinsulse
1038 4085 1102 4147 ictn
1124 4083 1289 4146 snbinnsto
1310 4084 1438 4168 vaporis

316 4186 452 4274 Signa.
468 4182 606 4249 fortasse
627 4181 704 4248 latet
726 4184 848 4267 aliquid
867 4183 1012 4261 doctius,
1035 4183 1092 4248 sed
1107 4181 1374 4266 simplicissimum
1390 4189 1439 4248 est

330 4289 395 4352 ictu
409 4307 504 4350 uoce
520 4289 645 4367 inusta,
662 4289 789 4372 vaporis
800 4288 902 4373 Siqrta
911 4335 919 4368 ‚
935 4300 1085 4372 notaeque
1098 4286 1209 4371 pravis
1225 4285 1364 4351 balantis
1375 4286 1438 4351 enl-

325 4390 424 4475 pnre's
446 4410 586 4453 susus.
608 4406 682 4452 nam
699 4412 804 4452 'aneas
827 4394 911 4453 reete
934 4386 1107 4452 Marullus.

418 4493 491 4558 223.
528 4492 757 4556 Passennus
786 4512 825 4553 ss
854 4512 1099 4556 nccsunuur.
1130 4487 1202 4552 Itali
1228 4492 1260 4553 et
1285 4486 1438 4551 Marullus

332 4592 402 4659 sine
425 4609 521 4658 sensu
540 4615 600 4678 per
616 4617 667 4658 se.
683 4592 816 4658 Vossius
832 4600 863 4657 et
877 4593 1095 4660 Wakefieldus
1115 4612 1248 4674 senes,
1270 4587 1355 4672 quod
1374 4585 1439 4652 sus·

331 4693 407 4761 ficit
