3509 5442
402 519 642 631 240'
930 557 975 622 nr

402 731 490 818 apud
504 730 643 796 Nonium
657 749 688 812 p.
700 733 774 806 453,
788 733 805 794 7
822 729 993 793 Praetereo
1010 728 1121 814 pavit,
1138 726 1314 808 quadratus
1338 729 1508 815 Propterea

403 834 498 917 radit,
510 833 705 898 Veronensis
722 830 808 896 edito
821 831 954 895 Praeter
969 831 1074 914 radit,
1090 829 1162 894 Itali
1177 834 1210 895 et
1219 829 1401 895 Brixiensis
1415 830 1506 895 Prac-

404 950 450 1002 ter
462 935 550 1000 radit
563 938 644 999 earm
655 985 663 1015 ,
674 932 828 997 Marullus
836 933 969 997 Praeter
981 934 1063 997 entia
1074 933 1179 997 rodit.
1192 934 1368 1020 Propterea
1378 932 1507 1016 probant

403 1036 620 1104 Wakefieldus
642 1041 673 1100 ot
694 1034 869 1115 Forbiger‚
887 1033 942 1116 qui
962 1033 1023 1097 sibi
1043 1038 1135 1117 turpe
1154 1055 1219 1099 non
1237 1040 1353 1119 putant
1366 1035 1505 1117 ignorare

405 1161 487 1225 quae
510 1138 691 1205 Gronovius
712 1137 838 1220 scripsit
859 1137 893 1200 in
916 1136 1175 1202 observationum
1190 1160 1236 1217 m,
1251 1140 1290 1206 19
1305 1158 1338 1221 p.
1351 1143 1436 1206 606.
1549 1165 1552 1171 ·

490 1248 563 1313 532.
602 1241 776 1306 Samene
808 1262 988 1303 nxrnnms
1019 1262 1169 1311 ouooun
1203 1261 1321 1305 11111111
1350 1261 1503 1303 naniam
1544 1302 1547 1315 ,

405 1370 488 1411 onrs
502 1397 509 1409 .
525 1347 573 1409 Ita
596 1341 770 1426 quadratus
785 1367 791 1404 :
816 1343 975 1425 oblongus
997 1343 1140 1426 reditur,
1155 1342 1256 1408 Italici
1278 1343 1445 1409 redditur.
1460 1342 1502 1407 hia

403 1449 489 1515 idem
516 1447 694 1512 Gronovius
719 1447 885 1510 ‘Putarunt
913 1448 1053 1532 raptatae
1081 1470 1155 1510 oras
1177 1444 1260 1509 dici:
1281 1444 1341 1510 sed
1366 1444 1504 1528 quidest

406 1553 537 1638 captetis
560 1552 624 1615 oric
640 1552 770 1614 ianuam
793 1548 870 1614 radi
879 1550 893 1612 ft
907 1549 1003 1612 immo
1019 1568 1155 1613 vaouum
1170 1551 1202 1612 et
1217 1539 1445 1630 spiramentum
1465 1547 1504 1630 ip

406 1673 475 1717 sum
498 1651 663 1734 expletur,
686 1671 760 1715 orae
788 1656 893 1715 autem
917 1650 1070 1715 raduntur
1084 1648 1105 1712 .’
1126 1648 1235 1732 itaque
1262 1650 1380 1734 probat
1402 1650 1505 1733 despc

405 1753 536 1819 rationis
568 1755 698 1838 plenum
725 1753 851 1817 Marulli
881 1753 1060 1830 auxilium,
1087 1752 1140 1834 qui
1168 1751 1295 1836 scripsit
1323 1757 1391 1816 toto
1421 1771 1506 1817 versu

405 1857 530 1923 adiecto
542 1857 668 1924 Sor‘tr'cet
680 1857 812 1943 raptatis
824 1882 947 1943 qaoque
958 1859 1058 1921 tanao
1070 1855 1216 1920 redditur
1228 1857 1293 1920 oric
1304 1857 1422 1920 Rauca
1433 1857 1506 1935 aiat,

406 1975 434 2026 et
448 1964 507 2026 a'ter
523 1960 620 2025 laedit
635 1985 698 2046 qao
713 1984 774 2024 coar
789 1961 814 2023 a‘t
828 1961 863 2024 ia
875 1984 993 2023 aoros.
1010 1956 1087 2022 satis
1102 1961 1170 2020 erat
1185 1976 1250 2021 una
1264 1956 1373 2022 littera
1389 1956 1508 2022 sublata

405 2083 472 2127 rem
494 2062 629 2127 eandem
652 2060 777 2127 efficere
799 2058 860 2124 hoc
875 2059 991 2139 modo,
1007 2060 1135 2126 Scilicet
1148 2080 1305 2122 axrcnm
1330 2084 1454 2147 qaoque
1467 2062 1508 2125 ία-

406 2193 470 2232 nao
491 2166 619 2230 roditur
639 2165 722 2229 oria.
739 2182 776 2227 os
801 2169 908 2228 autem
932 2165 1087 2249 captatam
1111 2166 1160 2226 esi
1187 2166 1242 2226 aut
1263 2167 1363 2226 totum
1386 2163 1509 2246 plenum

405 2287 482 2334 voce
499 2268 630 2347 eiusque
646 2263 842 2347 primordiis,
859 2270 914 2329 aut
929 2265 955 2331 si
971 2265 1195 2348 grammaticos
1214 2264 1394 2346 sequimur,
1408 2265 1509 2329 exina-

406 2371 525 2434 nitum.
543 2365 655 2431 eadem
677 2366 868 2450 ambiguitas
892 2371 939 2431 est
960 2366 994 2430 in
1010 2390 1051 2451 vr,
1068 2372 1169 2447 1203,
1187 2367 1362 2453 Corruptae
1382 2369 1509 2454 coapata

407 2474 538 2559 captetis
561 2470 692 2534 naribus
715 2471 799 2533 idat.
820 2470 966 2533 Donatus
988 2468 1031 2533 ad
1052 2468 1193 2534 Terentii
1209 2469 1371 2553 Heoyram
1387 2470 1508 2550 v,1‚29

408 2577 546 2662 Eaptere
564 2595 626 2659 pra
643 2573 807 2636 eaiaoaire
825 2574 1048 2637 Terentianum
1071 2586 1133 2638 est.
1150 2591 1190 2636 ex
1206 2569 1311 2655 Capro
1328 2571 1459 2637 Servius
1473 2570 1510 2635 ad

407 2679 486 2743 Aen.
503 2678 620 2754 111545
643 2679 673 2736 et
689 2671 812 2737 Nonius
827 2693 857 2757 p.
871 2677 944 2751 298,
960 2677 995 2739 11
1020 2674 1181 2760 Eaplere,
1198 2676 1359 2739 minuere.
1375 2674 1509 2739 Serenus

408 2778 597 2845 Samonicus
619 2781 726 2840 tamen
748 2773 790 2839 ad
805 2774 985 2840 Lucretium
1008 2774 1183 2858 respiciens
1202 2777 1332 2862 plenam
1353 2795 1435 2841 voce
1457 2779 1511 2841 tter

406 2880 587 2957 maledixit,
604 2882 667 2947 260
678 2879 873 2964 Aeqreacaat
885 2892 1007 2943 tenerae
1016 2879 1127 2961 fauces
1139 2921 1225 2931 -
1242 2879 1299 2943 Vel
1308 2878 1444 2943 rabidas
1454 2879 1511 2942 adr

406 3007 474 3047 naor
486 2983 597 3068 fracto
627 3005 696 3044 eam
709 2981 799 3065 forte
829 3004 938 3045 serrare
960 2981 1095 3045 Plenam
1117 2980 1204 3044 radit
1226 2983 1307 3046 a'ter:
1324 2983 1411 3046 certe
1441 2982 1511 3044 Pta-

408 3109 502 3166 pam,
519 3082 605 3164 quod
627 3082 672 3146 ibi
693 3082 791 3164 vulgo
813 3080 950 3162 legitur,
967 3102 1031 3145 non
1052 3082 1225 3163 intellego.

492 3189 565 3253 552.
589 3208 631 3248 aa
654 3207 740 3247 mnu
767 3204 861 3246 navo
885 3206 1044 3247 carrona
1068 3206 1255 3248 ennacos.
1271 3183 1431 3252 Marullus
1451 3208 1512 3250 na·

408 3308 523 3350 vona.
554 3285 611 3350 sed
633 3285 807 3350 Lambinus
834 3285 955 3368 primus
984 3293 1015 3352 et
1036 3308 1157 3351 cavoa
1184 3285 1355 3369 legendum
1383 3287 1465 3353 vidit
1484 3293 1512 3352 et

408 3386 467 3451 hos
482 3407 594 3452 versus
611 3409 668 3454 suo
684 3388 755 3452 loco
771 3388 896 3471 posuit,
913 3388 953 3452 de
976 3395 1112 3471 utroque
1127 3441 1134 3468 ,
1150 3395 1185 3453 ut
1208 3388 1302 3468 dicit,
1318 3407 1340 3452 a
1361 3388 1511 3454 librorum

407 3496 496 3573 parte
519 3489 718 3569 admonitus3
735 3490 789 3572 qui
812 3490 923 3572 quales
943 3488 1058 3555 fuerint
1072 3490 1277 3573 ignoramus.
1293 3489 1511 3558 Wakefieldus

408 3611 441 3656 re
464 3612 527 3656 non
550 3612 707 3676 perpensa
729 3598 868 3659 veterem
890 3611 1039 3659 versuum
1062 3592 1204 3658 ordinem
1226 3592 1386 3658 restituit.

492 3700 564 3764 543.
591 3719 782 3759 aaavrrnn
804 3718 869 3759 sun
891 3717 1073 3758 nunaunt
1096 3717 1235 3758 111111.
1257 3681 1443 3771 Quadratus
1464 3722 1511 3763 aa·

408 3822 594 3863 marmora.
610 3799 784 3864 Brixiensis
807 3797 904 3862 editio
928 3803 958 3860 et
979 3797 1133 3861 Marullus
1155 3799 1212 3862 aab
1233 3818 1441 3864 monnone.

493 3905 565 3968 544.
599 3902 650 3965 Er
682 3923 854 3965 nnvonnr
888 3921 1038 3962 nnuouu
1074 3922 1192 3963 anano
1226 3921 1310 3963 1111
1343 3922 1511 3966 pansant

406 4024 584 4067 concon.
606 4005 677 4068 ltali
705 4008 736 4069 et
758 4001 932 4068 Brixiensis
960 4000 1056 4065 editio
1085 4017 1227 4086 revocat,
1249 4003 1447 4070 Veronensis
1467 4028 1510 4069 re-

407 4129 520 4170 versa:
544 4106 602 4171 sed
625 4110 782 4171 corrector
805 4103 952 4188 quadrati
980 4105 1031 4168 oet
1050 4106 1174 4185 reboat,
1191 4104 1277 4187 quod
1300 4124 1400 4168 unum
1421 4104 1512 4170 habet

410 4206 550 4288 aliquam
573 4205 807 4292 probabilitatis
836 4206 997 4290 speciem,
1024 4206 1085 4271 nisi
1109 4206 1194 4289 quod
1224 4209 1299 4272 taba
1320 4226 1388 4271 non
1413 4207 1513 4290 magis

407 4307 532 4374 videtur
566 4313 694 4375 reboare
727 4328 822 4394 posse
856 4327 951 4391 quam
981 4310 1106 4373 artiora
1138 4308 1170 4370 in
1193 4308 1274 4373 libro
1294 4330 1329 4387 n,
1347 4312 1411 4378 28.
1440 4309 1513 4374 tuba

407 4415 513 4474 autem
528 4413 665 4476 barbara
681 4415 765 4475 recte
780 4410 912 4490 dicitur,
929 4410 1051 4475 scilicet
1071 4405 1187 4476 artior
1207 4405 1413 4498 Τυρσηνική,
1429 4416 1464 4476 ut
1483 4411 1513 4475 in

406 4511 506 4576 altero
536 4513 677 4578 membro
708 4518 781 4578 sunt
801 4510 966 4579 Heliconia
994 4513 1104 4597 cycni.
1126 4532 1221 4597 porro
1247 4505 1330 4578 cieri
1354 4509 1513 4596 quomodo

407 4613 485 4678 tuba
506 4615 609 4699 possit
630 4634 723 4679 nemo
746 4613 882 4693 dixerit,
897 4614 1017 4679 nodum
1039 4630 1142 4681 retro.
1164 4616 1295 4679 isaacus
1316 4615 1455 4695 Vossius
1476 4613 1515 4680 ad

411 4714 568 4781 Catullum
584 4722 689 4802 [1228
706 4719 897 4803 Berecyntia
918 4720 1076 4802 barbara,
1093 4737 1187 4800 quam
1211 4716 1288 4782 dicit
1310 4735 1399 4789 esse.
1410 4719 1516 4784 1121111
