3509 5442
889 448 935 513 VI
1396 461 1460 524 era

347 616 389 682 ad
405 617 513 684 Ovidii
528 623 652 682 metam.
670 640 715 696 nr,
728 621 791 685 273
814 625 845 683 et
859 617 985 685 Nakius
1007 619 1049 684 ad
1063 621 1160 687 Diras
1174 643 1205 706 p.
1220 627 1257 690 71
1276 643 1373 707 aegre
1387 617 1459 710 perss

308 732 318 771 “-
349 719 507 802 euadent,
532 719 586 785 ubi
609 719 649 783 de
671 745 782 784 aranea
803 721 941 806 saliciae
963 721 1089 802 agitur.

434 827 507 890 465.
539 823 608 885 Hrc
639 843 765 884 neuun
795 844 853 884 s1r
884 846 946 886 arr
975 846 1203 888 runnsuuoa
1232 848 1377 890 coonrn
1405 828 1456 892 Er

350 944 642 996 couneusaroua
672 946 767 987 aare
797 948 939 989 perenn
970 948 1012 987 ar
1044 948 1151 990 sruun
1181 950 1262 992 1r>so
1289 929 1455 997 Verrrcu

313 1020 321 1079 ἶ
350 1044 391 1086 ns
413 1046 551 1088 nourrs
574 1046 763 1088 wnearuu
786 1047 953 1091 suranna
981 1049 1018 1088 1n
1045 1049 1246 1093 saranum.
1275 1027 1456 1105 Quadratus

301 1145 320 1181 .·’
350 1128 514 1191 turbamur
534 1141 658 1208 coorta,
676 1125 832 1190 Antonius
854 1126 945 1191 Marii
968 1129 1060 1191 tarda
1083 1131 1202 1194 minore
1224 1133 1349 1195 coborta
1359 1182 1368 1215 ‚
1389 1133 1456 1198 Ma·

350 1225 449 1291 rullus
466 1230 558 1292 turba
572 1249 734 1292 unrorrs.
753 1247 847 1310 porro
864 1228 1018 1293 Marullus
1034 1231 1075 1292 Et
1091 1230 1280 1296 condensata
1299 1247 1384 1298 arcte
1399 1260 1454 1320 ap-

344 1353 461 1414 parere
484 1343 513 1394 et
528 1331 625 1395 simul
638 1367 681 1376 -
695 1329 841 1394 videatur
855 1355 985 1417 sarpere
1003 1334 1036 1395 ia
1051 1332 1213 1395 aethram:
1227 1331 1267 1395 ‘id
1283 1338 1331 1398 est
1344 1335 1456 1401 nubes’

345 1428 567 1495 Wakefieldus
588 1430 713 1513 inquit.
737 1431 912 1495 Lambinus
934 1457 1090 1518 apparere
1112 1433 1257 1498 videatur
1278 1454 1342 1498 non
1363 1434 1454 1514 tulit,

307 1550 312 1565 ·
342 1536 375 1594 et
396 1537 487 1596 recte
508 1531 673 1597 veteomor
694 1530 865 1612 legendum
889 1532 968 1597 vidit
989 1533 1108 1618 (agitur
1130 1533 1213 1596 enim
1236 1535 1276 1597 de
1299 1535 1453 1622 nubilis),

342 1638 454 1698 cetera
475 1639 592 1698 temere
614 1633 795 1716 temptavit.
813 1635 981 1699 cedeonem
997 1640 1069 1698 ante
1086 1655 1157 1698 eum
1172 1635 1329 1700 Antonius
1343 1636 1452 1715 Marii,

342 1733 400 1816 qui
421 1733 520 1800 habet
540 1737 583 1801 Et
603 1735 759 1801 condensa
781 1749 873 1820 atque
896 1750 968 1800 arta
989 1762 1144 1822 apparere
1157 1786 1164 1800 .
1179 1736 1257 1801 nihil
1273 1735 1390 1800 elarius
1406 1744 1454 1802 est

342 1855 441 1918 quam
464 1835 544 1901 haec
564 1831 609 1900 ita
631 1835 770 1902 scribere
792 1842 962 1919 oportere,
987 1840 1050 1903 Hic
1073 1838 1196 1903 demam
1213 1840 1257 1924 fit
1278 1840 1388 1902 ati-
1410 1841 1453 1904 Et

342 1938 504 2003 condensa
522 1959 670 2009 auarus
692 1960 885 2001 serenans
909 1953 936 2004 et
951 1941 1048 2003 simol
1061 1942 1130 2025 t‘pm
1153 1942 1270 2004 Vertice
1286 1939 1324 2003 de
1338 1942 1451 2004 montale

343 2060 714 2125 v·1nnnnsuasarqere
737 2045 769 2104 e'a
793 2042 952 2105 aethram.

430 2145 503 2221 468.
527 2142 610 2206 Nau
632 2162 676 2205 uo
699 2163 915 2205 necesses.
938 2135 1147 2206 Itali'nocn.

429 2246 503 2309 469.
526 2243 597 2306 Rus
620 2264 700 2305 mss
723 2265 765 2306 nr
789 2265 954 2306 sanson.
977 2244 1159 2326 Naugerius
1182 2258 1209 2308 et
1231 2266 1394 2308 sensns.
1417 2249 1450 2309 at

342 2342 581 2426 Wakefieldus‚
601 2343 675 2425 quia
689 2369 782 2408 sema
797 2343 945 2408 dicuntur
959 2364 1042 2426 quae
1058 2345 1235 2424 sensimus,
1250 2371 1340 2411 semo
1355 2346 1450 2412 etiam

342 2445 453 2510 sentiri
475 2443 616 2528 putavit3
640 2443 726 2527 quod
748 2451 796 2508 est
817 2445 1012 2510 absurdum.

427 2551 502 2614 473.
526 2544 632 2623 Quoo
654 2566 792 2610 arms.
816 2547 971 2611 Marullus
992 2546 1093 2624 Quo.

427 2653 502 2716 474.
541 2669 810 2712 consensuram
842 2670 988 2711 nourun
1013 2697 1019 2712 .
1056 2648 1127 2713 Itali
1162 2673 1348 2735 consarpere
1380 2671 1449 2712 uo·

342 2773 454 2815 ulus.

428 2859 503 2922 475.
526 2854 609 2917 Nan
631 2875 741 2917 rano
765 2875 1097 2917 consauanrnenss
1115 2874 1301 2917 amorreus
1318 2874 1446 2917 ouurs.

342 2954 431 3018 Haec
458 2973 529 3018 curn
556 2953 589 3017 in
610 2954 775 3038 impressis
798 2956 1033 3040 exemplaribus
1055 2955 1153 3019 multo
1175 2956 1279 3036 magis
1300 2958 1449 3036 corrupta

343 3061 472 3140 essent,
493 3055 623 3120 Isaaeus
644 3055 777 3120 Vossius
798 3057 920 3140 primus
942 3056 1098 3121 intellexit
1120 3075 1447 3119 consananrnrssr

340 3155 541 3222 scribendum
557 3176 648 3222 esse.
668 3157 727 3222 sed
741 3162 841 3224 omnis
856 3159 1043 3224 sententiam
1060 3158 1249 3242 corrumpit.
1267 3157 1362 3223 debet
1376 3176 1448 3223 esse

339 3261 502 3325 amoribus
525 3280 651 3343 coms,
674 3258 804 3323 nubium
828 3260 948 3324 seilicet
969 3280 1007 3324 ao
1029 3261 1144 3326 maris.

425 3367 500 3430 476.
524 3383 675 3425 rnovrs.
696 3360 749 3424 Sic
762 3360 834 3425 libri
849 3382 907 3445 pro
923 3384 1092 3425 rnovns.
1109 3363 1187 3428 mire
1203 3362 1390 3429 scholiastes
1405 3361 1447 3427 ad

338 3464 431 3529 Statii
446 3462 641 3529 Thebaidem
661 3463 740 3528 libro
756 3487 777 3542 1,
789 3469 851 3532 207
874 3464 1045 3529 secandam
1064 3468 1270 3548 Lucretiam,
1293 3468 1353 3551 qai
1371 3465 1449 3530 decit

338 3592 377 3633 eae
398 3563 503 3630 udore
525 3578 627 3631 terrae
649 3567 780 3631 nebulas
802 3567 902 3648 oriri,
923 3591 962 3630 ea
984 3567 1105 3631 cebetis
1126 3568 1222 3630 arabes
1232 3616 1241 3649 7
1259 3592 1298 3631 aa
1313 3567 1447 3630 nobem

335 3669 486 3756 plamae.
508 3665 636 3732 Servius
658 3666 700 3731 ad
722 3665 883 3732 Aeneidos
899 3690 919 3751 1,
934 3673 994 3734 143
1017 3689 1100 3730 uuna
1123 3690 1238 3729 sunan.
1259 3666 1386 3731 See‘lccet
1407 3665 1446 3730 de

336 3772 473 3835 ambibas
477 3771 522 3856 fit
533 3818 540 3834 .
552 3761 721 3836 secandam
733 3771 916 3834 Lucretiam
928 3769 966 3834 de
978 3784 1079 3834 terrae
1094 3769 1171 3834 alitu
1186 3781 1377 3849 nascantur,
1390 3768 1450 3853 qai

336 3873 471 3938 nebulas
482 3887 584 3938 creat:
596 3896 677 3958 qaae
692 3896 761 3936 cam
777 3872 873 3936 altius
889 3874 1024 3937 elevatae
1029 3873 1159 3956 fuerint
1167 3920 1176 3953 ,
1189 3883 1243 3934 aet
1254 3868 1330 3933 sote
1341 3869 1446 3934 calore

335 3977 493 4042 resolutae
504 3975 547 4059 (v.
556 3973 652 4060 514),
669 3988 724 4038 act
738 3975 774 4037 vc’
784 3985 943 4038 vectorum
959 3997 1151 4058 compressae
1163 3972 1205 4056 (v.
1214 3969 1308 4053 510),
1321 3972 1446 4034 mittant

336 4081 420 4144 leves
439 4077 591 4163 pluvias,
615 4076 664 4141 vel
686 4077 866 4161 exprimant
882 4076 924 4159 (v.
937 4073 1015 4159 518)
1039 4076 1261 4139 contentiorea.

423 4183 497 4247 481.
521 4178 641 4284 Uparr
656 4216 699 4224 -
714 4198 828 4240 sura.
854 4176 1019 4242 Corrector
1042 4175 1173 4258 oblongi
1196 4174 1342 4240 Ursas.
1368 4193 1445 4255 qua·

336 4280 449 4345 dratus
472 4283 553 4364 aab,
576 4281 647 4346 Itali
670 4302 805 4344 surse.

423 4388 497 4452 483.
521 4383 587 4447 Fra
610 4404 763 4454 ouoous
786 4404 832 4445 ur
855 4404 951 4446 nunc
975 4402 1134 4445 vanrsnr
1156 4401 1193 4442 1n
1215 4399 1362 4442 canaan
1381 4397 1442 4438 nx·

337 4507 542 4560 ramsucus
557 4506 633 4558 rnnr
648 4484 847 4550 Consors.
870 4483 1053 4571 Quadratus
1067 4485 1267 4554 eatm'aoeecae
1282 4482 1356 4550 itte.
1372 4497 1443 4541 nuc
