3509 5442
406 565 445 629 16
947 562 963 624 Ι

403 731 603 797 6661661666
625 732 742 797 fertur.
758 753 853 815 porro
870 732 982 798 eadem
998 732 1179 797 differentia
1200 737 1249 797 est
1272 732 1306 795 in
1321 735 1465 799 institere
1480 739 1514 798 et

403 837 582 913 obstetrice,
598 834 631 898 in
648 839 806 900 meritorio
823 841 853 899 61
867 838 1047 913 meretrice,
1068 834 1109 898 de
1125 835 1241 916 quibus
1255 855 1348 899 nemo
1365 834 1513 913 dubitat,

404 957 595 1018 quamquam
617 943 709 1002 vetus
732 938 833 1001 codex
847 938 957 1002 ‘Plauti
979 937 1013 1000 in
1028 937 1209 1001 Cistellaria
1224 960 1267 1015 11,
1284 943 1324 1014 3,
1341 941 1381 1002 22
1397 941 1440 1004 23
1456 937 1514 1001 ha-

404 1038 457 1101 bet
478 1041 644 1102 meretrice.
662 1040 774 1102 eodem
790 1038 960 1103 referenda
981 1044 1029 1103 est
1051 1042 1178 1105 6661166
1190 1041 1330 1126 fortuma
1351 1038 1458 1102 Plauti
1478 1039 1515 1103 in

402 1139 547 1202 Rudente
569 1162 612 1216 11,
628 1146 668 1217 6,
684 1145 746 1218 49,
762 1140 817 1204 ubi
831 1141 955 1204 Nonius
978 1162 1009 1223 p.
1021 1146 1084 1209 406
1098 1192 1105 1218 ,
1121 1146 1142 1208 5
1165 1166 1219 1226 eqo
1236 1130 1422 1205 cautinum:
1438 1160 1514 1203 nam

403 1267 503 1319 6666,
520 1242 595 1323 quia
615 1245 756 1329 μονῆρες
778 1246 846 1318 661,
869 1243 928 1305 sub
947 1240 1178 1306 simillimorum
1201 1244 1357 1307 rationem
1378 1242 1515 1307 succidit

403 1349 434 1406 et
450 1342 525 1406 facit
540 1346 661 1419 orites,
679 1343 764 1424 quod
781 1350 828 1407 est
850 1343 881 1405 16
899 1343 1038 1424 Captivis
1054 1365 1093 1421 V,
1109 1351 1150 1422 4,
1167 1351 1186 1412 6
1208 1349 1258 1426 (et
1273 1349 1392 1409 6611661
1407 1345 1515 1428 prima

403 1464 499 1507 manu
521 1443 777 1508 vindobonensis
805 1445 923 1509 saeculi
952 1443 1065 1508 decimi
1089 1446 1190 1509 codex
1219 1447 1253 1509 in
1277 1445 1441 1510 Ciceronis
1469 1445 1514 1510 de

404 1551 517 1608 natura
542 1545 673 1609 deorum
700 1546 780 1609 libro
803 1570 845 1624 11,
872 1551 953 1623 124,
976 1546 1060 1609 idem
1091 1568 1111 1609 a
1139 1553 1314 1612 correctore
1340 1566 1403 1609 non
1426 1546 1514 1610 bene

405 1649 548 1730 anetum)
563 1672 569 1711 :
586 1668 662 1728 ergo
686 1669 742 1730 pro
773 1652 913 1725 6611166,
929 1654 1058 1730 propter
1080 1652 1095 1713 1
1113 1650 1244 1731 longum
1268 1648 1355 1730 quod
1381 1646 1414 1711 in
1436 1667 1513 1730 pro·

403 1752 488 1814 xima
510 1750 636 1833 syllaba
658 1755 724 1828 est,
748 1751 860 1816 dicitur
877 1753 1056 1815 6661666.
1073 1751 1129 1814 661
1151 1753 1191 1815 ab
1219 1751 1330 1814 eodem
1352 1749 1512 1815 vocabulo

402 1852 497 1917 etiam
520 1857 663 1934 correpto
686 1855 702 1916 1
721 1853 934 1934 subsequente
966 1855 1155 1917 nocticulam
1177 1851 1280 1934 prima
1301 1873 1397 1917 manu
1418 1857 1513 1916 vetus

374 1971 377 1975 ’
403 1953 574 2019 Oamerarii
596 1954 629 2016 in
640 1954 788 2018 Asinaria
810 1977 864 2030 111,
882 1960 921 2031 3,
941 1958 1020 2030 103,
1043 1973 1064 2016 a
1079 1959 1254 2017 correctore
1267 1953 1352 2016 idem
1375 1958 1512 2020 6611166

404 2061 487 2122 166.
504 2077 542 2120 66
564 2075 603 2118 66
630 2057 662 2118 16
684 2057 723 2120 116
747 2056 874 2136 quidem
898 2074 981 2137 quae
1004 2057 1020 2118 1
1038 2055 1224 2136 productum
1240 2057 1388 2135 babent,
1403 2058 1512 2139 legem

405 2159 498 2223 certis
520 2157 636 2221 tinibus
651 2157 841 2240 descriptam
857 2157 1006 2221 invenio:
1023 2162 1072 2220 est
1093 2158 1177 2221 euim
1193 2161 1417 2224 interneciuum
1441 2159 1513 2240 qui-

403 2259 477 2324 dem
494 2259 559 2324 sive
573 2262 794 2323 internecivum
809 2310 816 2336 ‚
833 2258 890 2322 sed
902 2259 1060 2323 veteribus
1076 2260 1179 2340 magis
1190 2261 1309 2341 placuit
1320 2263 1512 2326 subcicebum

403 2381 498 2442 quam
521 2362 733 2438 subsecivum,
750 2380 853 2442 neque
876 2366 997 2424 mutant
1017 2364 1181 2443 66161666,
1198 2363 1445 2443 br'ruodim'auc,
1461 2387 1511 2426 re-

403 2465 526 2528 6111666
538 2513 545 2543 ,
562 2464 737 2544 6111111666,
750 2465 926 2528 6661111666
933 2513 941 2543 ,
954 2466 1101 2527 16611666
1110 2513 1118 2545 ,
1128 2467 1311 2549 premitibus
1317 2515 1326 2546 ,
1338 2465 1510 2544 monitrix,

399 2567 582 2653 prodieris,
600 2565 755 2646 debr'trz'a,
772 2568 927 2630 iuuc'tre'cc.
950 2565 1029 2629 haec
1055 2565 1152 2646 igitur
1182 2565 1395 2646 grammaticis
1421 2566 1513 2629 evol·

402 2668 508 2732 venda
530 2665 839 2744 commendabimus,
857 2667 910 2748 qui
931 2667 1035 2730 adhuc
1054 2670 1192 2755 peritiae
1215 2667 1429 2730 delectantur.
1447 2668 1512 2730 Lu-

402 2768 491 2833 cretii
511 2771 615 2855 primo
631 2794 722 2832 6666
745 2768 807 2854 (116
823 2767 916 2852 dicit)
939 2769 1120 2833 Priscianus
1135 2789 1213 2833 usus
1236 2774 1285 2833 est
1305 2790 1336 2851 p.
1354 2774 1436 2846 733,
1461 2787 1512 2832 se-

403 2872 498 2936 cundi
519 2876 608 2953 parte
624 2870 753 2935 Servius
775 2871 816 2934 ad
832 2871 994 2935 Aeneidos
1009 2894 1041 2946 1,
1060 2875 1140 2948 198,
1164 2876 1195 2933 61
1216 2870 1267 2933 hic
1289 2870 1415 2951 quidem
1439 2869 1511 2934 sine

403 2975 530 3038 nomine
552 2978 686 3055 poetae,
702 2979 737 3036 ut
757 2973 902 3037 videatur
925 2991 1033 3036 errore
1056 2972 1227 3036 memoriae
1250 2970 1387 3035 Lucretii
1409 2970 1512 3034 verba

403 3075 592 3159 apposuisse
619 3094 677 3157 pro
700 3074 893 3154 Vergilianis
917 3094 998 3155 quae
1023 3079 1095 3136 suut
1120 3073 1153 3137 in
1176 3071 1350 3154 georgicon
1365 3094 1408 3149 n,
1427 3076 1511 3148 157,

403 3181 547 3262 antiquos
578 3190 685 3262 supter
712 3178 848 3241 laberetr‘a
874 3195 1006 3239 muros:
1029 3174 1105 3238 dicit
1134 3175 1217 3238 onim
1245 3177 1328 3238 Arate
1354 3174 1511 3238 malorum

401 3273 463 3364 ὑφ’
488 3273 524 3342 ‘ab
547 3291 609 3357 eet,
626 3292 660 3340 ut
682 3278 765 3341 ulr'br'
784 3278 867 3341 coeli
887 3278 1142 3341 subterlabentia
1167 3278 1281 3361 61666.
1297 3293 1423 3338 versum
1448 3281 1512 3339 ter·

403 3381 480 3445 tium
504 3400 574 3442 cum
596 3384 686 3461 parte
710 3379 812 3459 quarti
835 3378 931 3441 habet
952 3378 1075 3442 Nonius
1096 3397 1126 3459 p.
1144 3381 1226 3453 274,
1243 3381 1298 3442 32.

488 3487 528 3549 5.
552 3501 691 3542 666161
719 3501 841 3542 some.
871 3485 910 3546 7.
930 3481 1214 3548 Anvnuruuoun
1237 3499 1356 3539 6666.
1379 3477 1440 3540 Η16
1461 3498 1511 3542 se·

402 3585 464 3649 mel
487 3582 590 3647 dicam
617 3582 702 3663 quod
726 3582 874 3645 lectorem
902 3601 1028 3665 semper
1048 3580 1230 3644 meminisse
1253 3584 1397 3661 oportet,
1415 3599 1510 3659 quem

361 3693 364 3698 '
401 3686 573 3751 admodum
588 3684 807 3766 Havercampo
830 3681 908 3744 nihil
924 3683 1116 3747 credendum
1139 3682 1198 3762 sit,
1214 3680 1259 3743 ita
1281 3700 1353 3743 eum
1368 3680 1510 3744 omnium

401 3789 529 3853 minime
559 3785 754 3850 audiendum
776 3803 867 3861 esse,
885 3804 954 3847 cum
978 3786 1135 3849 Vossiauo
1156 3782 1302 3863 utrique,
1319 3801 1399 3861 quos
1420 3786 1511 3845 notat

401 3891 430 3954 Y
452 3891 497 3967 Z,
520 3909 559 3952 ea
580 3886 739 3951 adscribat
767 3904 850 3966 quae
872 3905 893 3948 a
914 3906 966 3949 me
997 3906 1060 3948 non
1083 3883 1278 3949 referantur.
1295 3882 1345 3945 hic
1367 3882 1400 3944 in
1423 3889 1510 3945 utro-

402 4013 463 4075 que
486 3991 561 4056 dicit
582 4008 653 4053 esse
677 3990 813 4064 tumme,
829 3986 862 4049 in
886 3982 1441 4072 66666611666166661666116161
1462 3985 1475 4048 t
1496 4024 1507 4034 -

402 4099 490 4160 mirra
513 4092 691 4170 oblongus,
709 4091 824 4154 tumme
848 4089 1021 4170 quadratus
1045 4096 1075 4152 et
1097 4089 1254 4166 schedae,
1269 4085 1509 4170 Advectumque

401 4211 488 4262 tuum
509 4193 668 4272 oblongus
684 4191 857 4273 quadratus
873 4188 1031 4254 schedae.
1048 4190 1185 4255 1661616
1200 4191 1291 4254 tellus
1307 4207 1324 4251 e
1339 4186 1507 4264 Lucretio,

314 4318 319 4327 ·
401 4297 456 4379 qui
482 4296 595 4359 iterum
622 4293 666 4356 ita
693 4293 772 4356 dixit
798 4310 893 4355 versu
914 4296 1003 4368 228,
1024 4292 1204 4355 Macrobius
1233 4291 1266 4354 16
1294 4289 1509 4354 Saturnalium

400 4421 433 4461 1v
446 4449 454 4476 ,
469 4403 510 4464 4.
528 4395 695 4460 daedalum
718 4408 835 4458 terrum
858 4412 900 4457 ex
921 4393 1034 4456 eodem
1056 4392 1176 4475 profert
1196 4411 1260 4455 non
1283 4390 1361 4454 satis
1383 4390 1509 4455 curiose

400 4518 501 4581 agens
516 4496 635 4560 Paulus
650 4495 804 4558 diaconus
827 4513 844 4557 e
859 4495 954 4558 Festo
974 4494 1055 4557 libro
1071 4515 1104 4554 1v
1119 4514 1150 4576 p.
1163 4495 1205 4561 52
1219 4491 1450 4556 Lindemanni.
1466 4491 1509 4556 ad

398 4599 562 4686 proximos
588 4616 699 4660 versus
728 4595 857 4678 respicit
884 4594 1040 4671 Servius,
1060 4614 1132 4657 cum
1158 4593 1235 4659 dicit
1265 4593 1307 4658 ad
1333 4592 1508 4674 georgicon

398 4728 424 4768 u
436 4757 443 4784 ‚
457 4707 543 4782 329,
559 4699 602 4764 Ε1
623 4700 769 4763 Venerem
790 4698 883 4761 certis
897 4709 1039 4782 repetunt
1059 4712 1200 4762 armento
1215 4696 1344 4760 116166.
1359 4697 1508 4777 61616116,
