3509 5442
860 553 890 617 v
1062 535 1066 542 ’
1363 557 1425 622 311

317 720 391 785 Itali
414 741 604 784 nnosnurn
618 772 626 800 ‚
642 720 798 785 Marullus
820 720 997 800 0111111,
1018 722 1171 787 Aventius
1192 743 1342 800 nunn1s;
1359 723 1428 805 qui-

318 824 381 888 bus
403 822 483 886 nihil
505 829 561 887 aul
581 822 687 888 verius
710 823 883 905 excogitari
906 828 1010 907 potest
1031 828 1085 887 aut
1105 823 1288 906 pulchrius.

408 930 481 994 890.
506 947 640 988 saurus
653 946 850 995 nouoauu.
866 923 962 1008 Apud
973 925 1111 990 Nonium
1126 946 1156 1008 p.
1169 931 1218 1004 13,
1231 931 1268 994 13
1285 950 1425 1011 quorum,

320 1032 351 1090 et
373 1040 452 1092 torte
474 1028 596 1092 domnice
617 1029 773 1092 oetm‘uo.

407 1133 479 1197 892.
503 1150 651 1191 sarnus
680 1151 858 1192 11111111.
886 1127 1040 1194 Nicolaus
1065 1129 1215 1195 Heinsius
1248 1130 1290 1194 ad
1317 1130 1428 1196 Sabini

322 1230 493 1314 epistulam
507 1253 528 1309 1,
545 1235 587 1299 35
608 1217 762 1293 nsmnrs'
772 1281 780 1308 ‚
804 1227 891 1312 quod
912 1231 1001 1295 nulla
1023 1251 1122 1296 causa
1147 1236 1215 1295 erat
1240 1251 1296 1295 our
1317 1232 1428 1297 Forbi-

320 1353 378 1415 ger
399 1333 453 1398 hio
468 1331 571 1414 magis
586 1332 735 1414 probaret
750 1352 845 1414 quam
860 1332 893 1395 in
908 1354 950 1415 1v,
966 1337 1026 1400 112
1040 1381 1047 1396 .
1062 1332 1148 1398 idem
1163 1333 1316 1399 Heinsius
1331 1333 1427 1417 paulo

319 1439 394 1517 posi
408 1437 497 1500 Inter
518 1458 551 1499 se
573 1457 706 1519 quorum
722 1434 872 1499 dissertio
890 1436 1028 1499 membra
1042 1436 1203 1501 videmiae.
1220 1434 1277 1500 sed
1299 1435 1360 1500 hoe
1373 1455 1428 1501 vo-

320 1537 436 1602 cabulo
459 1534 553 1619 pauci
575 1533 745 1616 scriptores
766 1535 816 1599 usi
840 1541 914 1599 sunt
925 1584 933 1616 ,
951 1541 982 1599 11
1003 1537 1072 1619 ipse
1093 1537 1243 1602 Heinsius
1266 1536 1308 1600 ad
1323 1536 1428 1603 Ovidii

320 1645 448 1704 metam.
464 1660 531 1716 vm,
546 1641 606 1705 133
627 1653 667 1699 ex
683 1635 880 1700 Columellas
902 1637 982 1701 libro
998 1661 1041 1717 v1,
1054 1646 1104 1716 36,
1118 1643 1138 1706 2
1162 1659 1200 1703 ea
1221 1638 1325 1703 attulit
1346 1658 1428 1720 quae

319 1740 361 1805 ad
384 1741 523 1805 membra
538 1737 701 1803 discordia
716 1738 837 1802 tuenda
852 1735 1031 1803 sufficiant.
1047 1739 1091 1804 ibi
1110 1739 1190 1817 haee
1204 1745 1278 1804 sunt
1299 1739 1339 1805 de
1361 1761 1428 1804 mu-

318 1842 423 1906 larum
445 1858 562 1924 genere
578 1837 765 1906 educando.
782 1842 909 1926 Equam
924 1826 1163 1906 1111111111-
1177 1844 1427 1929 membrisforti-

320 1946 378 2010 bue
390 1944 655 2031 patientissimam
672 1942 789 2006 laboris
812 1943 946 2027 eliyere,
963 1957 997 2007 ut
1019 1943 1248 2008 discordantem
1270 1958 1357 2009 atero
1372 1968 1428 2010 saco
1439 1999 1458 2015 ..

317 2048 448 2134 91111111
470 2045 571 2109 ala’eai
588 2046 718 2129 stirpem
740 2045 869 2107 insitam
882 2046 989 2130 facile
1011 2048 1144 2132 serapias
1165 2070 1202 2109 ae
1218 2046 1385 2132 perferet.

409 2152 481 2217 896.
514 2167 635 2216 nuens
671 2167 896 2209 prosumnus
933 2169 1076 2210 annuns
1109 2169 1272 2210 suuncrn
1294 2194 1301 2209 .
1328 2146 1427 2232 Perfl-

320 2252 409 2315 ciunt
430 2246 668 2324 Wakefieldus‚
694 2244 918 2333 Eiohsladius,
945 2249 1119 2334 Forbiger,
1146 2247 1285 2313 absurde
1311 2247 1352 2312 de
1379 2266 1428 2312 se-

318 2351 436 2416 nibus.
461 2347 543 2414 bene
573 2350 741 2414 Turnebus
772 2347 1025 2417 adversariorum
1045 2356 1167 2431 x1v‚23
1196 2375 1295 2437 neque
1324 2371 1429 2413 naor·

321 2475 456 2518 cinni.

409 2559 482 2623 901.
507 2554 665 2618 Funuus
689 2576 833 2626 QUIDEM
857 2578 930 2619 cun
953 2578 1122 2620 consona
1149 2577 1429 2619 sunvunnounn

320 2661 404 2724 Tau
428 2678 566 2720 sennar
593 2679 782 2721 rosanus.
803 2659 877 2722 Iam
904 2660 1001 2723 soleat
1024 2659 1181 2740 oblongus
1209 2662 1241 2720 et
1268 2656 1342 2720 olim
1371 2657 1428 2720 im·

319 2760 446 2845 pressi,
467 2759 597 2824 vitiose.
621 2777 747 2823 versum
775 2758 858 2842 pede
887 2764 1065 2824 truncatum
1086 2758 1183 2824 variis
1212 2759 1315 2823 modis
1339 2778 1429 2822 oura—

320 2866 414 2926 runt.
431 2859 587 2925 Antonius
609 2860 701 2924 Marii
716 2860 833 2924 Ardua
845 2862 982 2945 flamma
1004 2860 1149 2946 quidem,
1165 2858 1339 2924 Brixiensis
1363 2859 1429 2924 edi-

320 2970 372 3029 tor
395 2965 492 3051 {qaia
514 2962 627 3049 (lynea
649 2960 817 3047 Aventius)
829 2964 965 3046 flamma
976 3011 984 3042 ,
1009 2961 1164 3025 Marullus
1192 2963 1338 3026 hlamma
1360 2965 1428 3048 qoi-

321 3067 393 3130 dem
418 3090 490 3130 vero
518 3083 536 3129 e
562 3063 643 3128 libro
663 3085 697 3141 11,
713 3066 776 3131 652
805 3068 836 3125 et
862 3082 881 3126 e
905 3087 925 3142 1,
941 3069 1043 3132 1001.
1065 3061 1141 3125 mihi
1171 3060 1283 3126 ceteris
1312 3064 1428 3145 optime

322 3165 427 3231 subiei
447 3164 571 3232 videtur
590 3164 764 3234 Dnuroun
776 3166 912 3249 flamma
934 3166 1080 3252 quidem.
1504 3149 1507 3156 ¹

409 3273 482 3336 904.
505 3290 549 3332 ur
572 3289 691 3330 uuau.
708 3265 883 3332 Brixiensis
907 3265 1009 3333 editor
1031 3273 1062 3332 11
1076 3266 1231 3332 Marullus
1253 3289 1343 3330 uus.
1360 3287 1429 3331 ver·

322 3390 395 3436 sum
416 3369 594 3458 proximum
622 3371 691 3434 sine
720 3371 833 3451 poetae
856 3369 983 3432 nomine
1011 3367 1130 3434 habent
1151 3369 1299 3452 Hyginus
1320 3368 1430 3433 fabula

321 3477 363 3542 51
378 3523 387 3551 ,
403 3471 616 3556 Hieronymus
634 3469 751 3535 volum.
768 3493 779 3532 1
794 3491 824 3553 p.
837 3474 900 3538 945
916 3470 989 3534 edil.
1006 3471 1176 3549 Vallarsii‚
1192 3470 1333 3535 Isidorus
1349 3471 1428 3554 orig.

321 3597 343 3655 1,
357 3577 421 3642 39:
436 3573 585 3658 Hyginus
605 3572 721 3638 iterum
742 3568 808 3636 fab.
828 3576 887 3640 151
903 3572 1009 3636 media
1023 3574 1096 3656 s’yasa
1112 3573 1298 3636 Chimaera.
1319 3573 1429 3637 oblon-

321 3695 386 3757 gus
407 3680 440 3739 et
459 3675 615 3741 Antonius
637 3674 729 3737 illarii
749 3674 871 3756 medio,
896 3672 1000 3737 media
1023 3670 1197 3752 quadratus
1223 3679 1254 3735 11
1275 3674 1349 3737 olim
1371 3674 1429 3736 im·

320 3776 446 3861 pressi.
468 3777 616 3842 Ozinaera
644 3775 695 3839 bie
721 3780 854 3857 uterque
878 3773 1000 3850 codex,
1025 3776 1192 3838 Aceruntia
1215 3773 1374 3853 oblongus
1395 3772 1428 3836 in

321 3902 366 3958 vr,
380 3883 462 3961 163,
478 3882 614 3959 uterque
629 3891 762 3942 stomaco
777 3877 810 3940 in
826 3899 868 3955 v1,
884 3880 984 3944 1169.
1001 3875 1034 3939 in
1049 3874 1130 3938 libro
1145 3896 1179 3951 11,
1193 3879 1254 3942 105
1271 3873 1429 3954 oblongus

321 3984 497 4063 chimeras,
514 3977 688 4062 quadratus
703 3980 908 4043 obimmeras.
925 3977 1049 4042 Graeca
1068 3977 1147 4041 haee
1169 3995 1228 4039 nos
1243 3975 1338 4040 hodie
1354 3976 1429 4040 sori-

321 4082 427 4147 bimus
450 4079 605 4146 curiosius
629 4100 723 4162 quam
745 4087 868 4145 veteres
891 4080 956 4145 ullo
979 4087 1120 4162 ternpore
1143 4077 1310 4141 dixerunt.

410 4189 483 4252 906.
508 4181 584 4246 Onu
607 4204 720 4246 susas
744 4205 867 4246 seusu
890 4180 1115 4246 rnaun.ltali
1137 4200 1296 4243 sununs:
1313 4199 1428 4242 sonas

321 4285 444 4371 primus
465 4283 666 4366 Naugerius.

410 4392 483 4455 910.
506 4387 639 4450 Munna
660 4408 789 4449 nrcnn.
811 4383 907 4468 Apud
928 4384 1066 4452 Nonium
1085 4403 1116 4467 p.
1132 4388 1202 4462 103,
1215 4388 1255 4453 28
1279 4384 1369 4447 Mate
1391 4383 1426 4445 li·

322 4503 371 4556 eet
391 4491 527 4554 similas.

410 4596 484 4658 913.
506 4590 585 4654 Aur
608 4612 749 4655 nomun
772 4610 912 4653 rasso.
933 4591 1029 4654 Reate
1052 4609 1222 4651 nosnunu
1244 4585 1278 4650 in
1300 4583 1429 4650 scholiis

322 4691 366 4758 ad
389 4691 481 4757 Statii
504 4691 686 4759 Thebaidos
701 4715 756 4771 vu,
769 4698 852 4761 585.
871 4689 989 4755 ibidem
1012 4716 1051 4755 ea·
1072 4710 1130 4772 pro
1154 4714 1238 4752 esse.
