3509 5442
321 574 362 636 98
858 558 888 620 11

325 735 457 802 macedo
485 733 643 811 oblongus
674 735 706 794 ct
733 727 895 803 schedae,
918 726 1091 808 quadratus
1109 727 1239 812 fluido.
1260 748 1427 790 couroru

324 842 481 902 conector
504 832 654 912 oblongi.
672 831 793 916 liquido
816 829 1009 910 quadratus.

407 944 480 1006 453.
505 938 663 1004 anroun
692 953 899 993 enervatus
927 952 1093 993 unrrsrus
1123 953 1255 994 rrrusr
1285 955 1428 995 sacrurs

324 1064 421 1112 ouon
445 1035 751 1110 nonusnullum
775 1053 900 1097 versum
915 1033 1089 1096 Lambinus
1111 1033 1218 1098 delere
1241 1055 1339 1116 quam
1362 1055 1430 1098 ora·

322 1144 439 1208 tionem
455 1139 625 1207 emendare
641 1135 771 1199 maluit.
789 1134 991 1199 scribendum
1008 1139 1056 1196 est
1071 1154 1142 1198 cum
1156 1135 1311 1200 Mauricio
1324 1137 1430 1218 Haup

322 1245 366 1308 tio
391 1247 489 1309 itemst
501 1242 620 1328 facitis
636 1260 746 1309 oussr
762 1262 938 1322 opscurum.
954 1235 1086 1300 Plautus
1109 1237 1143 1300 in
1154 1238 1297 1302 Poenulo
1314 1260 1336 1314 1,
1348 1241 1378 1314 2,
1391 1242 1428 1306 31

323 1349 395 1410 item
417 1337 473 1409 nos
492 1344 675 1429 perdideri,
698 1341 800 1417 Quasi
823 1339 911 1401 salsa
929 1341 1099 1403 marrantica
1119 1365 1184 1405 ecoe
1206 1354 1429 1404 autumaretur.

322 1447 407 1511 idem
422 1446 455 1509 in
470 1444 614 1509 Rudente
631 1466 675 1520 111,
688 1446 716 1518 2,
729 1446 770 1507 46
790 1441 947 1524 Porriqitc
963 1441 1115 1505 bominem
1135 1441 1271 1525 pedibus
1298 1444 1358 1506 leuc
1380 1444 1428 1505 iti-

324 1549 391 1614 dem
419 1549 515 1632 quasi
539 1547 671 1610 occisam
694 1567 798 1606 suem.
822 1540 856 1602 in
877 1541 1054 1605 Mercatore
1075 1565 1107 1619 11,
1126 1547 1155 1618 2,
1171 1547 1213 1610 46
1236 1544 1358 1606 vetulae
1381 1543 1429 1607 de-

324 1652 460 1735 crepitae
483 1671 577 1712 senece
602 1644 764 1707 'lirntr'dent
788 1657 831 1706 eat
854 1645 952 1727 pecual
970 1646 1158 1729 esterp-aum
1173 1646 1297 1729 pactum
1321 1648 1355 1709 t'n
1372 1670 1427 1730 pa-

324 1755 423 1816 riete.
448 1749 570 1813 Ennius
596 1746 682 1829 apud
707 1746 882 1808 Varronem
914 1743 953 1806 dc
980 1743 1091 1824 lingua
1118 1746 1233 1809 Latina
1252 1768 1296 1806 vu
1320 1766 1351 1828 p.
1368 1749 1428 1813 320

328 1853 490 1916 Tantidem
512 1852 608 1935 quasi
617 1850 692 1934 feto
714 1871 806 1910 cerates
829 1847 896 1908 sinc
920 1846 1054 1911 (lauabat
1078 1848 1194 1910 latrat.

409 1958 481 2019 455.
528 1953 579 2014 Er
618 1970 827 2012 rorucunsus
867 1969 954 2008 rrum
992 1969 1175 2010 rnocu1vn
1210 1968 1425 2011 vonunrurs.

324 2055 506 2132 Quadratus
533 2055 679 2138 proctpce
700 2099 706 2111 .
729 2049 845 2132 optime
872 2048 1027 2112 Marullus
1057 2071 1269 2113 rnocuusus
1297 2052 1371 2115 item
1396 2054 1427 2114 r'o

321 2158 479 2242 practice.
500 2155 540 2218 de
562 2150 799 2234 praepositione
822 2155 928 2213 tamen
950 2150 1103 2215 dissentio
1126 2176 1133 2213 ε
1156 2172 1229 2214 nam
1253 2151 1377 2216 Gellius
1397 2152 1427 2214 in

324 2281 354 2331 x,
369 2261 409 2323 24
431 2261 554 2318 veteres
572 2253 711 2338 proella-e
735 2256 765 2313 ct
780 2253 923 2336 proelio-t
937 2252 1150 2315 indifferenter
1165 2252 1313 2334 posuisse
1336 2253 1427 2327 dicit,

324 2357 421 2438 idque
444 2356 488 2419 ita
510 2361 544 2418 ut
567 2375 604 2418 ea
620 2352 840 2416 adverbiorum
857 2353 927 2417 loco
944 2352 1091 2416 habenda
1113 2373 1184 2417 csse
1200 2354 1278 2418 satis
1291 2354 1427 2419 indicet.

325 2459 390 2540 egit
411 2458 450 2522 de
474 2458 534 2520 hoc
550 2475 668 2537 genere
683 2453 846 2518 Madvicus
869 2454 910 2517 ad
927 2455 1111 2519 Ciceronem
1128 2454 1168 2518 de
1183 2455 1299 2520 linibus
1315 2477 1346 2538 p.
1360 2462 1427 2531 766,

324 2580 429 2643 neque
453 2560 535 2622 hunc
559 2556 695 2620 Lucretii
718 2575 843 2618 versum
868 2555 1098 2638 praetermisit:
1120 2555 1233 2619 vollem
1256 2557 1288 2620 in
1310 2561 1428 2622 'luscu-

325 2663 407 2727 lanis
424 2666 517 2736 rudet
540 2659 708 2741 probasset
730 2656 949 2719 Bentleianunr
967 2658 1108 2742 proella-e·
1131 2656 1198 2722 sive
1218 2661 1428 2746 procli-mifr-

324 2779 450 2829 ruatur.
457 2763 628 2848 promicet,
641 2753 785 2839 inquam,
799 2763 832 2820 ut
844 2758 876 2820 in
888 2760 984 2821 l‘crsa
996 2758 1096 2821 Plauti
1110 2765 1206 2835 11‚.··3‚8
1219 2760 1270 2824 dte
1280 2764 1428 2846 septtinei.

409 2872 481 2933 tuo.
506 2863 626 2927 Otium
645 2880 837 2922 eosrnauo
853 2866 984 2928 —eoa
1008 2861 1046 2923 δι
1068 2883 1179 2923 ninus
1199 2884 1315 2924 onum
1340 2884 1427 2925 surr

326 2991 343 3029 s
366 2989 541 3029 unumne.
559 2966 655 3027 Recte
670 2963 810 3025 Muretus
834 2964 874 3025 δι’
893 2965 997 3025 ruinas·
1013 2963 1165 3023 orrnrur'
1187 2978 1258 3027 tuot
1281 2966 1429 3029 electeus

324 3084 416 3155 atquc
439 3067 602 3133 rotundae.

408 3175 480 3237 460.
505 3185 794 3234 rnnnmmunoua
826 3186 919 3226 snxn
939 3213 945 3226 .
966 3166 1035 3228 Hoc
1063 3165 1174 3228 mirum
1202 3171 1250 3230 eet
1281 3165 1428 3231 desumo

324 3271 451 3337 nebulis
478 3267 676 3345 flammisque
711 3264 797 3342 diei,
822 3266 937 3345 quibus
972 3267 1074 3347 magis
1103 3274 1350 3332 consentaneum
1384 3275 1430 3333 est

325 3376 471 3456 Punpcre
501 3373 548 3434 uti
568 3369 690 3454 possint
718 3391 832 3450 corpus
855 3382 1082 3453 proveetiorepuc
1113 3392 1223 3446 sesa,
1246 3367 1369 3434 seilicet
1396 3388 1428 3433 se

324 3479 489 3556 penetrare
509 3471 542 3534 in
565 3487 697 3550 corpus.
1399 3522 1404 3531 .

409 3579 481 3644 461.
517 3592 615 3644 ouon
649 3591 797 3638 cursous
833 3592 994 3632 vrnnnrs
1026 3572 1206 3635 Suusrnus
1238 3594 1427 3637 senorum.

324 3679 360 3741 ln
380 3677 430 3741 his
452 3675 586 3760 primum
602 3671 674 3735 Itali
697 3670 839 3734 fecerunt
861 3696 926 3734 esse
949 3671 1075 3755 dotata,
1092 3680 1158 3737 tum
1169 3675 1325 3739 Marullus
1347 3675 1430 3760 quod

324 3781 455 3865 quiaque
477 3777 617 3841 videmus
635 3825 642 3851 ‚
663 3778 822 3856 postremo
845 3774 949 3837 Faber
971 3775 1115 3839 Sentibus
1127 3801 1138 3857 ;
1157 3776 1190 3839 in
1214 3775 1329 3855 quibus
1351 3777 1428 3840 nibil

324 3880 393 3943 sani
416 3886 482 3944 est.
499 3897 581 3941 unus
604 3873 774 3940 Crccchius
797 3880 882 3937 recte
904 3875 982 3938 vidit
1004 3875 1164 3941 ‘debuisse
1179 3877 1361 3941 Lucretium
1384 3877 1428 3942 af·

322 3978 446 4042 firmare
473 3979 572 4042 liuida
598 3977 660 4041 ista
687 3974 861 4058 pungentia
889 3981 920 4038 et
953 3979 1152 4058 penetrantia
1182 3985 1276 4042 acuta
1306 3979 1428 4043 semina

321 4099 386 4142 non
408 4080 512 4143 minus
534 4098 629 4159 quam
650 4076 733 4140 levia
755 4080 786 4140 et
800 4077 937 4140 rotunda
959 4079 1119 4144 continere
1132 4080 1152 4141 .’
1174 4080 1294 4144 scilicet
1316 4080 1427 4144 eadem

321 4180 377 4243 illa
392 4180 443 4244 hie
459 4180 695 4260 significantur,
714 4178 861 4262 Prtopere
876 4203 957 4261 quem
968 4196 1102 4264 procedat
1116 4206 1229 4266 eorpus
1245 4183 1310 4246 Nec
1327 4195 1428 4247 tamen

322 4282 449 4345 tuerere
465 4284 545 4346 inter
561 4306 612 4344 se.
628 4280 688 4343 hoc
702 4278 861 4341 intellecto
886 4278 1011 4362 (debuit
1033 4287 1138 4345 autem
1161 4282 1221 4346 hoc
1243 4302 1327 4346 unus
1343 4283 1428 4364 quis·

323 4399 384 4463 que
405 4380 604 4464 intellegere)
629 4380 662 4443 in
685 4380 806 4461 aliquot
827 4380 940 4444 litteris
962 4402 1059 4463 prave
1081 4383 1205 4466 scriptis
1227 4404 1317 4448 mora
1340 4384 1429 4448 nulla

322 4501 392 4546 esse
414 4488 537 4565 potest,
554 4482 612 4546 scd
627 4481 726 4546 verba
743 4481 815 4564 ipsa
830 4482 1018 4546 sententiam
1039 4491 1210 4563 secuntur,
1226 4484 1287 4548 hoc
1309 4484 1426 4563 modo,

322 4582 407 4670 quod
427 4607 555 4668 citraque
578 4605 792 4646 vununuusr
807 4584 969 4665 sensata,
986 4588 1044 4651 ced
1055 4609 1200 4651 nanum.
1218 4588 1325 4667 itaque
1349 4611 1427 4652 rara

321 4682 419 4763 haee,
439 4709 519 4769 qaae
544 4700 658 4772 porreto
687 4700 820 4770 tempore
847 4690 949 4750 ccrrn'a
972 4690 1156 4774 Drffupcre,
1179 4689 1254 4771 quia
1281 4695 1427 4770 pungunt
