3509 5442
414 571 455 635 26
959 566 974 628 1

409 751 540 824 propter
552 740 695 823 plantino
707 751 779 800 tnnc
796 751 840 801 est
850 737 994 816 Idcirco,
1010 735 1072 799 hoc
1086 739 1134 797 est
1146 746 1218 796 tnnc
1234 747 1262 797 et
1272 733 1419 814 Idcirco,
1439 733 1518 814 quod

413 840 605 904 aluvenale
628 839 778 920 scriptum
802 857 874 902 esse
899 858 974 901 sane
997 835 1162 919 probabile
1186 840 1254 901 est.

503 947 570 1009 134.
596 941 770 1005 Canauna
793 962 854 1002 urr
877 960 1089 1001 vrnnnuuu.
1106 936 1199 998 Hune
1213 955 1339 1000 versum
1355 954 1428 1000 eum
1453 955 1519 1018 pro·

413 1042 496 1106 ximo
512 1042 693 1106 Macrobius
708 1041 958 1106 Saturnaliorum
981 1039 1062 1102 libro
1085 1061 1137 1113 v1,
1158 1043 1171 1101 1
1197 1057 1215 1100 e
1238 1037 1317 1101 libro
1341 1037 1446 1119 primo
1463 1038 1519 1101 Lu·

411 1143 499 1208 cretii
521 1143 651 1226 protulit
674 1162 743 1206 oum
767 1141 952 1223 Vergiliano
976 1141 1145 1204 collatum.

502 1248 571 1310 141.
596 1266 757 1314 ourrrws
775 1265 942 1306 4114111111
959 1263 1154 1304 annonari.
1174 1241 1298 1325 Efferre
1314 1242 1455 1306 laborem
1471 1241 1519 1322 qui

412 1344 527 1409 dixerit
554 1346 713 1410 neminem
743 1329 836 1423 novi,
853 1345 914 1409 nisi
938 1363 1030 1425 quem
1052 1342 1221 1407 Turnebus
1248 1342 1311 1404 iarn
1334 1341 1519 1417 advocavit,

411 1445 443 1509 in
466 1445 658 1512 adversariis
680 1471 754 1525 xm,
776 1454 833 1523 15,
850 1447 989 1521 Attium,
1007 1446 1096 1510 cuius
1118 1462 1212 1506 versu
1235 1442 1348 1507 Cicero
1371 1463 1454 1509 usus
1477 1450 1519 1510 est

411 1547 444 1609 in
460 1547 607 1611 Sestiana
626 1552 706 1625 102,
723 1552 754 1612 ni
767 1551 902 1613 laborem
919 1572 1039 1611 samma
1055 1571 1124 1609 cum
1146 1568 1224 1607 cura
1240 1546 1352 1630 efferas
1368 1546 1518 1610 Nullum.

412 1648 554 1712 similiter
577 1656 685 1714 tarnem
713 1651 782 1733 ipse
805 1649 917 1714 Cicero
941 1648 974 1711 in
996 1647 1248 1711 Tusculanarum
1271 1645 1518 1729 disputationum

411 1750 492 1814 libr0
515 1773 568 1829 IV,
586 1757 627 1819 62
651 1772 667 1816 e
684 1752 815 1816 Graecis
830 1748 1013 1832 Euripidi8‚
1030 1750 1095 1812 Nec
1108 1750 1206 1834 fors,
1223 1773 1278 1812 aco
1300 1751 1353 1812 ira
1376 1750 1518 1814 coelatum

412 1854 565 1916 invectum
581 1856 719 1932 malam,
737 1855 829 1933 Qrcod
850 1877 911 1917 ooo
934 1865 1048 1914 acturo
1066 1852 1204 1913 bantana
1215 1849 1365 1934 patiendo
1383 1851 1517 1936 ecferat.

411 1951 468 2016 sed
490 1952 543 2030 hi,
559 1954 621 2020 nisi
643 1956 756 2032 fallor,
771 1955 804 2019 id
828 1956 938 2039 offerri
949 1952 1058 2016 dicunt
1081 1949 1166 2031 quod
1183 1955 1365 2033 susceptum
1389 1951 1517 2016 amelia

410 2075 500 2117 mur.
518 2055 604 2136 quod
626 2055 842 2120 Wakefieldus
866 2075 936 2118 cum
967 2073 1029 2116 non
1052 2051 1272 2132 intellegeret,
1288 2057 1425 2136 utroque
1447 2073 1517 2118 auo

410 2161 477 2220 tore
502 2156 571 2221 sine
594 2156 712 2221 iudicio
739 2177 817 2221 usus
838 2154 1028 2239 improbavit
1046 2153 1212 2238 perferre,
1231 2152 1316 2234 quod
1338 2161 1373 2218 ut
1396 2154 1516 2238 aptissi-

410 2276 496 2318 mum
525 2255 681 2320 dederunt
708 2258 864 2321 Antonius
894 2256 1004 2331 Marii,
1026 2257 1167 2318 Venetus
1198 2252 1301 2318 editor
1327 2255 1517 2337 (Brixicnsis

305 2386 308 2391 ·
410 2356 494 2421 enim
517 2363 548 2419 et
562 2358 756 2426 Veronensis
779 2361 888 2445 efferre
904 2358 1040 2439 habent)
1054 2406 1062 2432 ,
1078 2355 1253 2419 Marullus.
1270 2356 1328 2419 sed
1353 2357 1516 2422 verissime

409 2457 567 2538 Tanaquil
594 2458 698 2522 Faber
731 2464 869 2545 quemvis·
905 2479 1093 2523 surranum
1129 2458 1265 2521 laborem
1296 2477 1335 2522 ex
1363 2460 1520 2524 consenti·

410 2578 470 2622 usu
491 2559 649 2623 Lucretii.
666 2560 717 2624 hic
743 2560 839 2642 igitur
864 2588 880 2626 o
903 2562 1008 2625 littera
1039 2578 1110 2622 cum
1139 2556 1188 2621 bis
1216 2557 1384 2622 scribenda
1414 2566 1515 2637 esset,

410 2659 529 2723 librarii
550 2669 774 2743 peccarunt:e
799 2662 956 2727 contrario
979 2682 1053 2725 mox
1079 2665 1137 2726 147
1161 2659 1335 2740 quadratus
1357 2666 1389 2725 et
1410 2660 1445 2725 in
1467 2680 1515 2727 eo

409 2760 482 2824 dem
493 2781 606 2838 versu,
623 2762 678 2826 ubi
690 2769 738 2827 est
750 2764 782 2828 in
794 2788 847 2842 vr,
863 2768 906 2830 40
921 2763 1079 2843 oblongus
1094 2762 1167 2825 Non
1182 2761 1287 2825 radiis
1308 2764 1408 2847 colm5
1423 2782 1515 2845 quem

408 2881 534 2926 versum
563 2864 720 2929 Maximus
748 2864 929 2930 Victorinus
951 2868 1082 2947 111968
1112 2860 1232 2944 profert
1256 2869 1387 2945 propter
1414 2864 1515 2948 ipsum

408 2960 488 3025 illud
511 2966 526 3027 i
544 2962 577 3026 in
607 2965 669 3031 fine
692 2967 839 3031 vocabuli
862 2985 926 3030 non
949 2965 1082 3041 elisum,
1099 2962 1185 3044 quod
1208 2964 1457 3030 contrafactum
1479 2967 1516 3032 sit

407 3065 441 3129 in
462 3064 597 3146 Vergilii
624 3086 718 3131 versu
740 3088 851 3149 georg.
875 3090 907 3145 1,
923 3072 1006 3143 446,
1023 3067 1158 3130 Diversi
1175 3080 1320 3152 rumpent
1348 3068 1441 3133 radii
1465 3085 1515 3136 aar

409 3169 466 3231 abi
482 3167 615 3252 pallido
644 3183 774 3254 corpor.
797 3167 853 3232 sed
882 3167 927 3231 ibi
954 3165 1193 3230 Lindemannus
1219 3167 1359 3231 Maronis
1391 3189 1514 3236 versum

409 3266 607 3331 dimidiatum
622 3269 810 3351 apposuisse
833 3272 910 3333 satis
925 3266 1054 3344 habuit,
1071 3269 1268 3348 grammatici
1291 3271 1391 3334 verba
1417 3277 1452 3336 ut
1472 3273 1515 3338 in-

407 3367 521 3449 tellegi
543 3376 673 3450 possent
694 3369 771 3433 nihil
795 3389 931 3433 curans.

497 3474 566 3536 149.
589 3471 815 3535 Paruorrrun
845 3493 954 3534 curus
983 3493 1068 3532 u1uo
1096 3473 1394 3539 uours.Marullus
1422 3477 1514 3542 Prin·

408 3574 526 3657 cirrium
554 3573 625 3637 baiae
653 3577 742 3638 oniam
754 3624 762 3655 ,
779 3572 933 3637 Avantius
956 3575 1053 3640 Ouiae
1073 3576 1270 3661 proiecticiam
1295 3576 1388 3660 hinc,
1406 3586 1515 3645 neuter

408 3672 486 3738 satis
508 3673 629 3757 perite.
646 3674 787 3755 Lucilius
802 3673 889 3756 apud
903 3675 1042 3739 Nonium
1064 3697 1094 3759 p.
1111 3680 1174 3744 320
1191 3683 1223 3740 et
1237 3681 1300 3744 366
1316 3662 1415 3744 Gaias
1430 3682 1515 3746 valta

408 3775 540 3860 ocfacic
547 3825 555 3857 ,
569 3777 644 3841 ludo
656 3802 693 3840 ac
705 3778 891 3842 sermoniba’
903 3781 1036 3859 nostris,
1056 3780 1198 3864 Virpa’aia
1210 3780 1265 3842 boc
1272 3783 1412 3864 pretium
1424 3796 1515 3869 atque

408 3878 489 3941 bunc
511 3878 716 3943 reddebamus
739 3881 904 3944 honorem.
922 3879 982 3943 hoe
1010 3879 1114 3962 ipsum
1141 3882 1232 3944 cuias
1260 3883 1515 3966 monosyllabum

407 3977 538 4041 reddam
553 3979 703 4043 Lucretio
727 3979 760 4042 in
774 3980 856 4044 libro
871 4003 903 4043 1v
918 4031 925 4056 ,
945 3986 1046 4049 1089.
1064 3981 1177 4046 Cicero
1192 3981 1225 4044 in
1240 3983 1386 4062 Arateis,
1403 3985 1445 4050 de
1463 4006 1515 4050 na·

407 4084 478 4142 tura
492 4079 624 4144 deorum
640 4104 683 4158 11,
704 4085 785 4157 109,
801 4083 906 4168 Atque
927 4085 994 4147 cias
1016 4087 1083 4169 inse
1102 4098 1206 4148 monet
1219 4087 1373 4170 rclrantoo
1389 4112 1516 4174 corpore

408 4194 484 4245 torto
497 4206 508 4263 ,-
523 4180 563 4245 de
586 4202 649 4263 quo
672 4201 768 4246 versu
790 4181 857 4265 egit
872 4183 1031 4266 Hauptius
1055 4184 1088 4247 in
1105 4185 1380 4252 observationibus
1402 4189 1516 4254 criticis

407 4302 437 4364 p.
459 4287 525 4350 46.
547 4283 659 4348 eadem
688 4284 815 4348 licentia
843 4290 969 4349 veteres
994 4285 1066 4349 Itali
1096 4287 1244 4352 dixerunt
1269 4289 1352 4353 Ecce
1382 4291 1442 4356 Oia
1475 4291 1516 4355 do

407 4386 552 4467 Pr’otoia,
569 4386 699 4450 Gaittoa
718 4387 883 4469 dArczao5
900 4388 1021 4466 Quartto
1045 4390 1082 4454 aa·
1102 4414 1165 4475 quc
1184 4416 1244 4476 per
1266 4415 1310 4454 aa
1328 4392 1519 4477 miqiiaa'ooi

407 4501 519 4570 conto,·
535 4507 617 4569 quae
639 4488 715 4551 mihi
730 4488 879 4552 videntur
900 4488 945 4553 ita
959 4491 1152 4573 protulisse,
1168 4497 1202 4554 ut
1223 4494 1239 4556 r‘
1250 4491 1355 4555 littera
1369 4492 1452 4556 inter
1467 4513 1516 4558 ce-

407 4596 491 4654 teras
518 4589 622 4671 magis
650 4597 799 4655 sonantes
825 4589 1046 4657 delitesceret:
1063 4612 1136 4656 nam
1156 4595 1237 4679 pooj
1257 4612 1328 4657 cum
1354 4595 1516 4678 monosyl-

407 4691 514 4755 labum
530 4690 710 4775 faciebant,
727 4691 876 4756 dicebant
898 4711 916 4756 4
931 4692 1057 4762 duabus
1071 4693 1203 4776 ipriore
1227 4692 1307 4757 elisa
1326 4696 1427 4780 poni,
1444 4695 1517 4760 Non

1546 329 1561 3731 *Q
