3509 5442
789 551 819 616 V
1292 555 1356 621 303
1382 500 1384 503 v

244 722 451 791 seribendum
481 725 529 787 est
551 721 698 787 Forsitan
719 743 739 783 n
763 721 818 807 (an
841 721 906 784 err?
928 744 943 783 e
964 721 1091 806 reqe’ore
1105 741 1147 803 rr,
1161 723 1224 787 374
1238 741 1280 802 vr,
1293 725 1357 788 344

246 831 313 895 742
331 831 393 896 823
409 829 491 894 833:
516 827 622 887 cetera
649 823 741 905 posui
767 841 863 904 supra
890 839 984 885 versu
999 822 1077 906 531)
1104 847 1194 888 rosea
1221 824 1270 887 eol
1294 824 1356 888 alte

220 965 226 973 ·
246 928 398 1015 lampade
421 929 545 991 luceas.
568 944 642 987 nam
665 925 726 989 alle
749 929 797 988 est
819 943 858 987 ex
881 922 965 1000 alte,
981 923 1127 1006 penitus,
1142 929 1177 988 ut
1198 924 1232 988 in
1247 946 1280 1008 11,
1292 929 1356 992 446

244 1032 312 1096 alte
336 1041 515 1116 comporto.
531 1025 690 1091 Vitruvius
713 1026 754 1091 de
767 1024 911 1111 friqidr'r
923 1025 1072 1110 fontibus
1094 1028 1154 1111 qai
1172 1028 1210 1090 ab
1226 1028 1357 1113 daferio·

246 1135 341 1198 ribus
370 1133 446 1197 locis
469 1131 599 1216 penitas
621 1130 798 1206 arrisum,
819 1126 1113 1211 invaluerant
1136 1131 1170 1192 r'rr
1198 1128 1357 1194 ardentem
1445 1169 1449 1175 »

248 1235 354 1299 locam
374 1234 436 1298 alte
451 1233 582 1318 penitae
603 1230 802 1296 absciderunt.

336 1339 408 1404 613.
432 1335 640 1399 Ansnmnar
670 1353 864 1395 urrunnu.
893 1330 1060 1414 Oblongus
1088 1346 1243 1397 utantur.
1272 1338 1356 1397 reete

246 1435 408 1502 Antonius
428 1432 519 1499 Marii
543 1438 574 1497 et
593 1432 747 1498 Marullus
766 1435 975 1514 Ansrmnn,
996 1434 1056 1498 hoe
1078 1439 1126 1499 est
1147 1434 1210 1499 luci
1232 1439 1357 1498 aestum

247 1538 397 1616 addens,
417 1558 464 1601 un
492 1556 658 1618 nnnruu,
680 1542 832 1615 quantum
869 1536 988 1602 seilicet
1021 1535 1087 1601 fieri
1120 1535 1356 1620 intellegimus,

248 1641 418 1706 radiorum
440 1650 595 1726 ααοαραατ
616 1639 731 1700 iotam.

338 1746 410 1810 614.
432 1742 509 1806 Nnc
540 1759 655 1803 nnr10
684 1760 787 1803 sonrs
811 1764 970 1805 s1urnex
1002 1763 1120 1804 nuens
1154 1762 1355 1805 anensem.

248 1844 409 1911 Antonius
431 1842 523 1907 Marii
551 1840 635 1905 filius
663 1855 718 1904 aar
750 1858 856 1909 reeta:
879 1868 916 1907 αα
941 1856 1026 1906 recta
1053 1842 1127 1907 olim
1148 1844 1295 1926 impressi
1327 1848 1358 1907 et

249 1945 429 2023 Aventius,
452 1964 472 2008 a
499 1943 614 2025 quibus
641 1943 752 2007 maluit
780 1943 842 2010 hoo
875 1945 1021 2028 accipere
1047 1945 1229 2027 Naugerius
1262 1965 1357 2027 quam

249 2046 474 2112 Marullianum
497 2061 525 2111 et
538 2061 643 2112 reela.
669 2066 750 2128 quae
767 2048 873 2112 omnia
888 2047 1062 2113 falsissima
1084 2053 1176 2113 sunt:
1191 2068 1266 2112 nam
1288 2047 1358 2112 illa·

249 2170 322 2214 rum
345 2149 500 2213 rationum
523 2147 663 2229 aliquam
686 2150 777 2230 quasi
799 2172 863 2215 non
885 2157 1004 2215 rectam
1027 2151 1167 2234 reicere,
1184 2148 1242 2216 ἐὰν
1263 2146 1358 2236 μήτι

249 2253 318 2316 τῶν
341 2248 552 2337 φαινομένων
575 2245 822 2339 ἀντιμαρτυρῇ,
845 2273 909 2316 non
932 2253 1025 2318 decet
1046 2252 1257 2337 Epicureum
1277 2272 1358 2335 quos

249 2354 397 2418 hortatur
416 2352 568 2434 magister
588 2347 633 2439 μή
662 2377 713 2430 τις
734 2352 792 2418 τὸν
814 2357 943 2443 μοναχῇ
970 2350 1097 2441 τρόπον
1119 2352 1359 2442 κατηγαπηκὼς

249 2455 332 2535 τούς
348 2447 470 2536 ἄλλους
485 2458 587 2534 κενῶς
602 2450 858 2546 ἀποδοκιμάζῃ,
876 2452 915 2524 οὐ
938 2456 1155 2544 τεθαρρηκώς
1170 2455 1204 2524 τί
1218 2455 1360 2525 δυνατὸν

251 2553 428 2646 ἀνθρώπῳ
441 2561 615 2647 θεωρῆσαι
627 2558 683 2624 καὶ
694 2554 727 2624 τί
738 2553 903 2626 ἀδύνατον
916 2611 922 2635 ,
937 2559 969 2623 in
984 2560 1121 2643 epistula
1132 2561 1174 2625 ad
1185 2560 1359 2644 Pythoclea

250 2667 282 2744 ἕ.
294 2667 359 2730 94.
376 2662 472 2744 paulo
494 2660 609 2751 melius
625 2662 800 2727 Lambinus
822 2662 910 2725 nullo
933 2668 1062 2726 auctore
1084 2661 1168 2726 dioto
1184 2687 1239 2725 nee
1254 2676 1358 2726 certa.

250 2762 312 2830 sed
333 2761 565 2846 respiciendum
588 2769 655 2828 erat
682 2764 724 2828 ad
747 2784 785 2828 ea
807 2783 889 2846 quae
912 2769 1079 2840 secuntur,
1100 2765 1171 2851 Non
1182 2812 1191 2846 ,
1207 2766 1338 2850 rirqaam
1349 2814 1358 2847 ‚

251 2867 392 2952 simplem
416 2866 466 2930 la's
494 2867 586 2930 rebar
608 2865 734 2930 reddita
756 2881 901 2930 canescet.
924 2864 967 2929 ad
992 2865 1071 2931 haee
1100 2884 1194 2946 quam
1217 2864 1360 2949 proxime

250 2965 386 3034 accedet
399 2969 480 3031 ratio
492 2967 627 3052 simplem
641 2989 809 3030 annuum
824 3017 830 3030 .
848 2967 908 3032 hoo
924 2966 957 3030 in
972 2967 1055 3032 libro
1070 2990 1102 3050 11,
1118 2972 1196 3035 1001
1215 2968 1245 3031 in
1262 2987 1360 3031 mem·

250 3069 364 3136 branis
393 3066 540 3132 scribitur
565 3071 698 3133 relatura
725 3068 829 3134 littera
857 3089 922 3133 non
945 3068 1127 3150 duplicata,
1152 3068 1211 3133 sed
1232 3068 1266 3131 in
1287 3067 1360 3149 lege

250 3173 374 3238 Thoria
388 3176 430 3238 80
455 3171 489 3233 ia
502 3171 646 3256 formam
666 3174 828 3257 publicam
855 3173 1022 3236 rellatum.
1044 3169 1201 3235 reccidere
1227 3174 1360 3251 uterque

250 3273 430 3341 Vossianus
445 3270 478 3334 in
493 3293 514 3354 1,
528 3276 588 3341 857
608 3276 688 3341 1063
705 3296 734 3351 v,
748 3277 830 3351 280,
847 3272 1031 3337 redductum
1047 3277 1182 3353 uterque
1196 3271 1229 3335 in
1244 3295 1265 3349 1,
1280 3275 1359 3349 228,

251 3376 430 3443 redducunt
444 3394 487 3450 m,
500 3377 563 3440 992
577 3377 655 3442 loo]
682 3374 855 3455 quadratus
882 3379 913 3437 et
940 3391 961 3436 a
983 3380 1160 3438 correctore
1182 3374 1359 3456 oblongus,

253 3477 402 3544 redducit
423 3480 455 3538 et
475 3473 646 3541 redducere
661 3498 682 3554 1,
695 3480 757 3544 228
773 3498 803 3554 V,
818 3481 898 3544 1337
923 3477 1117 3558 quadratus.

340 3582 413 3646 617.
437 3575 624 3640 canonius
640 3600 683 3641 ur
699 3600 863 3642 vnnrnr.
883 3580 1049 3644 Cancerera
1071 3577 1137 3640 sive
1153 3602 1265 3642 cancer
1280 3598 1360 3641 mor-

252 3682 329 3747 bum
358 3677 503 3743 incaelo
531 3678 621 3761 pasci
642 3681 739 3762 plane
762 3685 941 3762 portentum
965 3684 1034 3743 est.
1056 3677 1212 3742 Avantius
1234 3678 1359 3743 honide

253 3783 376 3849 Cancri
394 3782 454 3844 iter
476 3794 510 3843 at
531 3795 649 3846 vertat.
670 3781 772 3865 potuit
795 3802 891 3863 quarn
913 3778 1075 3844 lenissime
1098 3778 1237 3842 ennom
1265 3801 1305 3841 sn
1327 3793 1361 3843 nt

253 3894 356 3949 vertat
375 3893 474 3945 metae
496 3881 542 3946 cd
561 3883 737 3949 soletitr'elrir
750 3925 765 3948 .·

341 3985 414 4051 632.
437 3981 694 4048 Fenccrmonn
728 4008 863 4049 aarum.
903 3987 1003 4048 Immo
1040 4005 1209 4066 uenum,
1243 4003 1284 4047 ne
1321 3982 1362 4047 sit

253 4084 454 4171 asyndeton.
479 4085 636 4169 oblongus
658 4087 862 4154 marcidior.

342 4192 414 4256 648,
437 4208 519 4249 mun
541 4210 708 4258 ounsnr.
724 4190 795 4254 Itali
818 4211 923 4252 mun.

341 4291 415 4358 651.
439 4309 578 4352 sonvur
600 4313 664 4354 nun
688 4314 814 4356 osani.
834 4290 1003 4356 Turnebus
1025 4289 1059 4353 in
1081 4288 1274 4356 adversariis
1295 4314 1360 4370 xiv,

254 4399 299 4462 23
320 4391 369 4457 sol
389 4412 550 4454 numus.

340 4498 413 4562 654.
460 4514 702 4557 convonnonn
737 4517 870 4558 coum.
906 4495 1073 4560 Corrector
1108 4494 1238 4577 oblongi
1276 4517 1361 4558 con-

255 4617 445 4659 vnnnnnn.

342 4704 416 4768 666.
461 4719 579 4762 nosen
612 4721 760 4763 urruns
793 4720 986 4762 nnn-onus
1020 4699 1210 4763 Anrnnrus
1246 4717 1361 4760 nuno-
