3509 5442
408 565 472 631 238
939 558 983 623 IV

409 722 634 820 προσδοξάζει
660 728 818 813 Epicuro,
839 729 890 795 cui
917 728 996 794 haec
1024 727 1139 794 dieitur
1166 724 1186 819 ἦ
1211 730 1516 821 praemittitur

409 834 493 924 βολὴ
515 836 575 922 τῆς
597 828 772 911 διανοίας.

494 943 566 1008 470.
592 957 762 1008 ouournu
785 957 889 998 urum
913 957 1017 999 scura
1040 957 1225 1002 rnrnrua.
1241 937 1428 1016 Quadratus
1447 965 1512 1026 qno

411 1044 517 1107 niani.
535 1039 693 1121 oblongus
708 1063 790 1124 qno:
805 1038 963 1104 Antonius
977 1037 1068 1102 Marii
1090 1063 1150 1124 qno
1172 1043 1258 1107 ntttt
1277 1068 1330 1124 ce,
1347 1043 1425 1107 clim
1445 1041 1509 1108 etit
1557 1054 1558 1057 ’

411 1171 471 1231 qno
499 1169 531 1209 ce
560 1143 665 1206 nr'lit.
689 1139 750 1205 hoc
773 1167 834 1226 qno
857 1166 916 1221 se,
939 1140 1014 1223 quia
1041 1159 1137 1205 sensu
1166 1149 1252 1208 caret
1274 1162 1380 1227 neque
1402 1149 1508 1210 cenum

411 1252 571 1311 auctorem
598 1242 714 1322 habet,
737 1241 920 1307 Eichstadio
947 1247 978 1309 et
1003 1242 1178 1325 Forbigero
1206 1245 1347 1329 placuit.
1372 1249 1507 1333 quereiam

410 1354 496 1413 recte
519 1346 632 1429 probat
654 1343 834 1409 Gronovius
855 1344 889 1408 in
912 1345 1168 1411 observationum
1183 1370 1215 1431 11,
1229 1353 1246 1416 ‘l
1262 1369 1294 1432 p.
1307 1353 1393 1418 259.

498 1453 571 1515 471.
594 1468 738 1511 urrunrt
761 1468 1004 1511 cournunnan
1028 1471 1193 1513 crustu.
1216 1449 1345 1535 Optime
1366 1449 1507 1516 Marullus

412 1572 573 1615 urrisu.

498 1656 571 1722 472.
606 1652 678 1730 Qur
709 1674 841 1715 cnrrrn
875 1675 955 1716 rrsn
989 1677 1056 1718 suo
1089 1677 1125 1717 ru
1154 1676 1309 1720 srrruru
1344 1677 1509 1720 vrrsrren

414 1778 523 1819 snsn.
547 1754 729 1832 Quadratus
755 1781 842 1821 eece:
863 1755 921 1820 sed
947 1755 1063 1822 factum
1091 1784 1156 1824 cere
1168 1807 1176 1840 ,
1202 1778 1267 1823 non
1294 1758 1397 1822 ‘iuxta
1423 1755 1510 1824 veteri

415 1857 541 1936 manu'‚
557 1863 592 1921 ut
607 1857 682 1922 dicit
692 1858 715 1921 Ι.
728 1857 764 1921 F.
778 1855 960 1924 Gronovius
971 1858 1004 1923 in
1016 1858 1271 1924 observationum
1283 1881 1330 1938 ur,
1346 1863 1386 1927 19
1401 1879 1432 1943 p.
1444 1864 1510 1936 603,
1557 1848 1558 1852 ¹

414 1958 472 2026 sed
494 1960 625 2026 eadem.
643 1960 882 2042 Havercampus
903 1966 1036 2045 peccat,
1057 1967 1088 2025 et
1106 1962 1204 2026 multo
1227 1961 1331 2045 magis
1351 1959 1513 2026 Wakefiel-

413 2065 494 2129 dus:
516 2063 601 2127 hunc
615 2061 770 2144 Forbiger
786 2063 947 2144 sequitur.
976 2063 1155 2128 Gronovius
1169 2068 1253 2129 recte
1275 2064 1513 2147 interpretatur,

413 2167 482 2250 ‘qui
503 2166 563 2230 sibi
586 2184 650 2229 non
673 2168 814 2241 consta,
832 2163 886 2245 qui
909 2183 945 2229 sc
968 2164 1036 2248 ipse
1052 2166 1181 2249 evertit,
1203 2164 1258 2247 qui
1280 2171 1413 2231 cernuat
1435 2170 1514 2229 etse
1556 2200 1558 2219 ι

414 2270 483 2354 ipse
507 2267 609 2351 capite
631 2292 686 2332 eno
709 2269 743 2330 in
758 2267 891 2351 ceetipia
907 2265 1045 2330 statuit'.
1062 2266 1120 2332 sed
1142 2267 1197 2350 qui
1219 2267 1300 2334 sistit
1322 2266 1451 2351 capite,
1466 2292 1515 2332 sao
1556 2287 1558 2319 ³

415 2371 496 2437 sistit
506 2367 671 2450 videlicet,
688 2385 791 2449 neque
813 2366 847 2430 id
861 2365 968 2433 dicere
983 2388 1116 2435 necesse
1131 2373 1199 2434 est:
1216 2375 1248 2433 at
1271 2369 1298 2435 si
1313 2361 1394 2456 ipre
1406 2391 1473 2433 sur
1486 2371 1516 2433 in
1557 2408 1558 2419 κ

414 2474 523 2538 statuit
538 2472 670 2558 vecttpic
684 2493 768 2551 sese,
784 2466 846 2533 hoc
862 2469 959 2534 estin
973 2490 1012 2536 ca
1028 2490 1111 2554 quae
1127 2469 1193 2535 suis
1212 2469 1350 2554 pedibus
1364 2469 1442 2537 fecit
1454 2489 1515 2536 ves·

414 2574 512 2659 tigit,
530 2593 594 2637 non
615 2570 739 2649 aliena,
759 2575 825 2634 tum
848 2591 1023 2654 pronomen
1045 2579 1116 2658 apte
1141 2569 1289 2652 additur,
1310 2577 1345 2637 ut
1371 2573 1516 2638 continuo

416 2676 532 2743 sentiat
553 2675 670 2739 lector.
692 2671 815 2738 accedit
844 2670 1014 2739 durissima
1041 2675 1074 2739 in
1096 2674 1145 2740 his
1166 2673 1313 2740 iunctura
1332 2675 1516 2753 verborum,

414 2782 450 2845 in
471 2779 583 2844 etotnit
604 2777 736 2863 ceettpic
746 2824 754 2856 ‚
771 2793 842 2839 cum
865 2776 963 2840 multo
979 2776 1082 2843 lenius
1105 2776 1145 2841 sit
1166 2802 1226 2842 etta
1248 2779 1282 2842 in
1301 2780 1413 2842 statuit
1435 2779 1517 2842 vecti·

413 2883 491 2969 pic.
514 2877 651 2960 denique
674 2875 773 2958 siquis
800 2875 891 2941 aeid
914 2876 1000 2959 quod
1023 2883 1132 2963 aptum
1154 2882 1185 2942 et
1210 2897 1319 2943 verum
1343 2878 1385 2943 sit
1408 2880 1518 2945 sentire

418 3001 513 3066 posse
535 2984 634 3061 negat
655 2977 763 3063 (video
792 2976 876 3043 enim
898 2979 1003 3045 adhuc
1026 2978 1182 3064 quosdam
1204 2980 1237 3044 in
1259 2980 1384 3046 Horatii
1406 2981 1519 3066 epistu-

415 3084 518 3148 larum
538 3106 558 3159 1,
577 3086 626 3160 lt,
642 3085 684 3149 43
711 3078 791 3145 haec
817 3079 1015 3164 ineptissima
1042 3085 1198 3168 probare,
1226 3084 1339 3149 Coram
1364 3109 1440 3171 repe
1466 3103 1518 3149 suo

416 3186 454 3251 de
474 3195 665 3272 paupertate
688 3180 855 3265 tacentes),
878 3180 1053 3250 hortandus
1077 3191 1126 3250 est
1152 3190 1187 3248 ut
1212 3183 1288 3252 artis
1311 3184 1419 3267 legem
1441 3185 1519 3251 edis·

417 3293 467 3353 cat
489 3305 585 3369 quam
606 3281 740 3366 exposui
762 3282 804 3346 ad
826 3282 942 3349 librum
957 3309 1002 3370 111,
1016 3291 1087 3355 9542

500 3392 573 3455 475.
597 3405 794 3447 vrcnssnu.
818 3386 889 3451 Itali
912 3393 943 3452 et
963 3387 1111 3471 impressi
1133 3410 1319 3451 vrcrssmt.

501 3493 573 3555 479.
617 3486 808 3550 Norrrtan
845 3511 961 3568 verr,
994 3513 1114 3563 unoun
1159 3513 1270 3555 sensu
1310 3512 1425 3554 rosen
1462 3513 1517 3554 au·

417 3613 523 3656 rtrum
542 3638 549 3653 .
569 3589 724 3654 Notitiam
750 3589 952 3672 quadratus.
977 3619 1076 3681 neqne
1109 3615 1242 3658 snusus
1268 3592 1426 3659 Marullus
1458 3612 1517 3658 rec

415 3695 557 3762 tissime.
1489 3724 1491 3726 ·

499 3801 572 3868 485.
617 3792 688 3871 Qur
715 3815 788 3857 u1s1
814 3817 904 3860 suur
933 3818 1042 3860 verer.
1074 3796 1257 3874 Quadratus
1288 3810 1387 3882 cunt,
1415 3798 1518 3863 oblon-

417 3921 478 3984 gus
500 3924 577 3965 son.

500 4004 573 4066 486.
596 3992 649 4061 nn
672 4018 829 4061 roratur
859 4021 1025 4064 ocutos.
1054 4002 1176 4066 Poterit
1196 4001 1374 4068 Brixiensis
1397 4020 1519 4086 quoque

416 4100 531 4169 editio.
548 4099 741 4166 Veronensis
758 4105 917 4187 poterint.
938 4102 1095 4168 Antonius
1117 4103 1209 4169 Marii
1231 4110 1262 4170 et
1283 4103 1441 4170 Marullus
1462 4126 1519 4168 ro·

416 4223 579 4268 innunt.
596 4199 636 4265 dc
648 4204 782 4287 poterim
793 4206 933 4289 poterint
947 4207 1030 4270 erint
1044 4204 1111 4269 dixi
1126 4204 1168 4270 ad
1184 4205 1299 4271 Galum
1314 4227 1336 4284 1,
1351 4209 1414 4277 146
1430 4228 1461 4272 u.
1475 4211 1519 4276 15.

408 4308 550 4393 poterint
576 4303 609 4366 in
636 4302 724 4369 fastis
747 4303 876 4390 Ovidii,
897 4305 979 4371 libro
995 4328 1037 4389 vr,
1050 4312 1133 4387 366,
1159 4307 1282 4391 aliquot
1308 4307 1521 4392 exemplaria,

417 4409 493 4473 item
514 4406 548 4470 in
569 4403 703 4471 Vitruvii
724 4404 805 4470 libro
821 4428 863 4491 αι,
876 4412 906 4491 8,
919 4413 959 4476 8.

500 4512 573 4576 490.
607 4527 772 4577 rnnooun
804 4530 964 4573 uncnsse
995 4531 1060 4573 nsr
1094 4510 1145 4574 Er
1181 4532 1280 4582 ouon
1313 4532 1438 4579 uonna
1472 4535 1522 4578 sm

416 4632 460 4674 nr
488 4629 650 4672 cnmnuu
682 4629 898 4674 rnavnusvn
924 4633 1077 4696 vrnnm,
1106 4612 1157 4676 Er
1185 4634 1353 4679 sucascu
1389 4638 1523 4682 vnaros

415 4734 539 4777 anauu
572 4731 727 4774 snurnuc
761 4732 929 4778 conones
961 4714 1012 4778 ur
1046 4735 1143 4785 Quen
1183 4736 1333 4787 cumcun
1368 4741 1524 4785 conotu-
