3509 5442
408 549 473 614 290
947 538 977 602 V

495 716 775 781 377.n0mn1s
806 729 976 771 consone
1003 730 1074 780 Qun
1103 728 1216 772 sunu.
1245 706 1416 772 (lorreetor
1440 726 1500 789 qna·
1548 768 1552 787 ,

410 814 491 879 droti
514 819 546 879 et
569 812 665 877 oeteri
687 831 872 874 monranr.
1547 878 1552 901 ᾳ

495 919 568 985 382.
592 936 703 978 nouor
725 933 928 975 consanum
951 932 1073 974 sonis.
1090 911 1248 976 Antonius
1270 911 1364 976 Marii
1386 935 1500 976 cnara·
1548 975 1552 985 ,

411 1041 514 1083 unus
538 1037 662 1081 onus.

496 1126 567 1189 386.
591 1138 807 1188 nnrnsoun.
833 1115 989 1180 Marullus
1011 1115 1173 1200 ultroque,
1192 1136 1285 1198 quem
1311 1135 1368 1191 our
1383 1115 1499 1181 Avantio

409 1227 541 1306 excepto
565 1239 675 1285 omnes
698 1225 873 1300 sequantur
894 1239 958 1283 non
979 1217 1150 1300 intellego.
1548 1279 1552 1289 ,

496 1328 568 1392 393.
592 1323 736 1386 Msours
758 1344 804 1384 nn
822 1344 940 1386 nunus
965 1342 1131 1383 crannus
1147 1343 1341 1385 cnnrsnu.
1364 1321 1413 1385 Ita
1433 1326 1502 1384 vete
1549 1381 1553 1403 ,

410 1447 462 1492 res
477 1425 699 1490 membranae.
717 1423 874 1488 Antonius
889 1422 1000 1505 Marii,
1016 1427 1139 1487 veteres
1160 1422 1328 1507 impressi,
1345 1423 1502 1504 Marullus,

412 1527 527 1605 celeri,
543 1528 673 1612 Moysis
695 1526 733 1591 de
755 1528 847 1608 rebus·
869 1529 952 1590 sister
973 1550 1005 1590 se
1025 1548 1150 1590 eernere
1172 1538 1291 1590 certant
1302 1575 1312 1606 ‚
1327 1524 1464 1607 pessime
1482 1528 1504 1588 et

413 1636 522 1696 eontra
551 1647 693 1691 normam
720 1627 796 1692 artis
826 1627 1055 1692 Lucretianae.
1080 1631 1185 1709 potest
1213 1624 1289 1689 addi
1319 1648 1431 1690 rnrnn
1458 1649 1504 1703 sn,

413 1733 471 1799 sed
493 1730 557 1797 alio
580 1729 671 1793 loeo.

498 1838 570 1901 396.
592 1832 695 1895 lours
717 1854 806 1896 nuru
828 1854 1034 1896 sonnnsvrr
1057 1854 1101 1894 nr
1121 1852 1263 1894 nunnus
1286 1852 1413 1896 munus
1434 1854 1506 1895 rnn-

411 1958 534 1999 ussrr.
559 1933 641 1999 Olim
670 1933 817 2017 impressi
840 1936 998 1998 ambiens.
1021 1954 1124 2016 neque
1146 1932 1206 1996 hoo
1225 1952 1340 1999 versus
1362 1934 1507 2007 admittit,

412 2057 516 2119 neque
531 2038 657 2101 ambone
671 2056 729 2118 pro
745 2037 910 2101 ambedeos
925 2036 1133 2116 grammatino
1147 2054 1245 2100 sana.
1262 2037 1431 2102 verissime
1452 2057 1508 2101 eor-

412 2146 517 2207 reotor
539 2137 685 2220 quadrati
707 2159 871 2200 numanus
886 2186 892 2200 .
910 2135 970 2202 sed
990 2137 1051 2201 hoo
1073 2143 1107 2201 ut
1128 2137 1233 2201 losum
1256 2137 1376 2204 habere
1399 2140 1507 2223 possit,

412 2240 614 2308 seribendum
637 2245 685 2303 est
701 2262 864 2302 sennaar
888 2253 934 2302 et.
950 2236 1044 2301 huius
1070 2238 1156 2302 modi
1179 2237 1264 2303 enim
1278 2239 1433 2323 perfectis
1447 2260 1509 2304 eon·

411 2342 518 2407 traotis
540 2340 703 2405 Lueretius
725 2361 802 2406 usus
824 2346 892 2418 est,
909 2339 965 2405 sed
992 2344 1065 2403 ante
1088 2339 1216 2404 vooales
1237 2341 1507 2418 tantum.in1,ll

412 2444 530 2508 Inritat
545 2444 649 2506 animi
667 2445 830 2508 virtutem.
846 2443 879 2506 iu
894 2464 937 2520 vl,
950 2445 1012 2508 587
1028 2442 1196 2504 Dt'sturbat
1218 2444 1310 2506 orbes
1323 2493 1331 2507 .
1346 2443 1392 2508 ita
1414 2443 1509 2509 neseio

413 2563 508 2626 quam
536 2548 620 2605 reste
640 2542 885 2626 interpretantur
907 2542 1003 2607 Ennii
1028 2562 1153 2606 versum
1182 2561 1222 2607 ex
1244 2545 1411 2609 annalium
1440 2545 1509 2610 libro

412 2642 563 2724 xV1,qui
590 2649 675 2708 extat
701 2645 787 2728 apud
814 2644 1009 2710 Macrobium
1036 2645 1162 2709 Satum.
1178 2667 1220 2723 vr,
1235 2650 1273 2724 1,
1298 2649 1378 2712 Tum
1403 2647 1509 2712 tumido

412 2759 521 2812 manat
543 2770 582 2810 ex
604 2759 663 2809 toto
679 2770 807 2832 corpore
829 2747 946 2811 sodor,
962 2746 1047 2812 idem
1070 2747 1130 2811 hoe
1144 2767 1247 2829 genus
1269 2748 1357 2832 apud
1372 2748 1510 2812 Plautum

412 2845 598 2922 observavi,
621 2846 777 2929 scriptura
797 2853 905 2913 tamen
928 2848 1174 2913 contractionem
1201 2871 1266 2914 non
1289 2869 1420 2934 semper
1440 2849 1511 2914 refe

412 2954 500 3014 rente
510 2997 516 3011 .
528 2948 562 3012 in
573 2948 747 3012 Mercatore
762 2971 807 3031 111,
820 2953 850 3031 4,
863 2955 905 3016 63
922 2950 987 3015 Geir
1002 2952 1081 3013 istoc
1094 2957 1218 3035 coeptas
1233 2953 1430 3017 consiliam?
1444 2960 1511 3039 quio

363 3102 364 3109 .
412 3054 494 3118 enim
504 3075 553 3116 me
564 3048 706 3133 adflictat
717 3074 817 3114 amor.
830 3049 862 3113 in
872 3049 1008 3132 Epidico
1021 3074 1041 3127 1,
1051 3053 1318 3128 rambertum
1330 3057 1414 3136 emit,
1427 3079 1511 3141 quom

411 3155 479 3240 spes
490 3159 712 3234 amatorumque
724 3150 832 3236 (quam
838 3151 925 3234 libri)
939 3153 1215 3219 dbs'eosmaodooit
1226 3156 1320 3219 milei.
1332 3154 1367 3219 in
1375 3155 1512 3221 Cistella·

411 3254 460 3318 ria
474 3276 507 3337 11,
519 3259 550 3326 3,
562 3257 604 3319 40
620 3252 716 3316 donee
728 3277 760 3315 se
772 3252 904 3317 adiurat
916 3279 996 3318 arros
1008 3256 1089 3318 Eam
1104 3258 1187 3321 mihi
1193 3270 1390 3322 monstrare.
1406 3257 1441 3321 in
1451 3257 1512 3322 Asi-

412 3354 503 3418 naria
517 3377 550 3437 11,
562 3357 592 3430 4,
605 3356 647 3420 94
661 3352 897 3419 Adosiozerooit
908 3360 936 3418 έι
947 3356 1028 3418 milri
1036 3355 1171 3421 credidit
1181 3408 1190 3440 ,
1206 3383 1305 3442 neque
1317 3373 1363 3423 est
1374 3359 1512 3446 deeeptus

328 3493 333 3501 ·
414 3459 449 3519 in
464 3480 497 3519 eo
511 3504 518 3519 .
534 3453 595 3539 (sio
610 3453 813 3517 scribendum
832 3462 901 3534 est,
918 3462 949 3520 et
959 3457 1056 3540 paulo
1069 3463 1143 3523 ante
1156 3461 1249 3524 etiam
1260 3459 1353 3525 bodie
1364 3461 1512 3547 Peroplo-
1551 3514 1552 3525 ,

412 3582 467 3622 aes
479 3556 506 3642 )
522 3556 556 3621 in
571 3555 689 3620 Casina
703 3578 748 3632 111,
762 3561 791 3633 2,
807 3560 844 3623 13
861 3559 948 3622 Nn'm
970 3573 1041 3623 tuos
1056 3562 1107 3623 oia·
1121 3585 1169 3624 mo
1184 3563 1290 3625 orauit
1304 3575 1340 3626 ut
1356 3567 1426 3627 bam
1441 3565 1512 3627 stuc

413 3658 458 3724 ad
471 3672 498 3722 te
514 3658 656 3722 adsutum
667 3661 837 3722 mitterem.
854 3657 887 3722 in
899 3659 1083 3725 Tn‘nummo
1099 3684 1120 3740 1,
1133 3665 1162 3739 2,
1178 3666 1238 3729 132
1254 3661 1512 3728 Adesurivitmo

409 3763 462 3849 pia
478 3774 505 3825 et
519 3761 657 3824 inhorruit
670 3761 776 3824 derebus
789 3807 796 3822 .
811 3759 843 3822 in
860 3759 974 3825 eadem
989 3785 1023 3840 11,
1035 3768 1065 3841 2,
1081 3768 1096 3829 1
1114 3766 1181 3842 Quo
1196 3764 1265 3828 illle
1280 3765 1476 3850 bomoforas
1486 3788 1513 3828 se

407 3864 639 3948 penetrabilem
652 3861 804 3926 oedibus?
819 3883 852 3937 11,
858 3866 889 3940 4,
896 3866 960 3930 200
972 3865 1143 3951 Postquam
1155 3866 1339 3930 exturbauit
1349 3868 1401 3932 bio
1413 3870 1470 3933 ruis
1480 3891 1512 3930 aa

412 3966 528 4028 nostris
549 3963 699 4028 aedibus.
716 3961 775 4027 sed
796 3963 940 4045 imperite
964 3971 995 4029 et
1013 3966 1137 4031 Probus
1159 3966 1203 4030 ita
1224 3966 1452 4050 interpretatus
1471 3971 1513 4032 est

413 4077 440 4128 et
451 4066 551 4129 omnis
563 4066 655 4129 bomo
660 4065 773 4150 fumat
784 4066 947 4151 Neptunia
962 4070 1059 4133 Troia
1070 4068 1150 4132 Aen.
1166 4091 1212 4151 111,
1225 4074 1245 4136 3
1259 4073 1290 4132 et
1300 4067 1512 4134 Wakefieldut

410 4163 445 4228 in
467 4164 528 4229 hoo
549 4165 689 4230 Lucretii
709 4165 791 4230 libro
803 4171 867 4234 442
890 4166 1017 4250 scripsit
1031 4171 1195 4235 conturbor
1216 4190 1256 4236 ex
1277 4170 1389 4252 inepta
1411 4169 1511 4235 neseio

412 4265 579 4330 ouinsltali
590 4267 783 4332 oonieotura.
798 4288 857 4333 nec
864 4267 997 4334 Ovidius
1008 4269 1052 4333 ita
1063 4270 1202 4338 seribere
1213 4272 1315 4356 potuit
1324 4272 1360 4335 in
1369 4272 1511 4337 'Pristinm

410 4390 453 4451 rv,
469 4372 496 4445 1,
509 4372 547 4435 19
563 4370 615 4432 Me
631 4391 752 4452 quoque
766 4394 858 4435 mosa
873 4371 956 4435 lenuit
970 4371 1070 4435 Ponti
1086 4373 1155 4438 loeo
1169 4376 1258 4438 iusso
1266 4387 1445 4460 petentem,
1464 4371 1512 4440 sed

409 4467 515 4552 potius
545 4469 625 4533 leont
651 4469 819 4534 tenentem.
845 4470 920 4535 item
953 4472 986 4536 in
1019 4478 1168 4538 scazonte
1195 4475 1310 4539 Catulli
1325 4481 1380 4555 44,
1393 4481 1435 4544 21
1467 4477 1512 4541 de

409 4569 463 4635 bet
488 4588 560 4635 esse
582 4570 648 4648 Qui
666 4583 737 4634 rosc
759 4586 847 4636 vocat
868 4597 935 4654 me,
963 4599 1033 4639 oum
1061 4576 1181 4641 molum
1204 4578 1318 4642 labrom
1343 4580 1432 4665 ἱερὴ
1456 4598 1511 4644 non

407 4679 496 4738 vocor
505 4721 514 4755 ,
530 4696 598 4736 eom
615 4671 710 4758 lepit:
727 4676 758 4735 et
780 4677 864 4738 reete
879 4673 912 4737 in
927 4675 1039 4740 eodem
1056 4677 1195 4742 oarmine
1211 4677 1284 4742 libri
1298 4680 1387 4747 Nam
1401 4683 1510 4748 Sestio-
