<?xml version="1.0" encoding="UTF-8"?>
<!DOCTYPE html PUBLIC "-//W3C//DTD XHTML 1.0 Transitional//EN"
    "http://www.w3.org/TR/xhtml1/DTD/xhtml1-transitional.dtd">
<html xmlns="http://www.w3.org/1999/xhtml" xml:lang="en" lang="en">
 <head>
  <title>
</title>
<meta http-equiv="Content-Type" content="text/html;charset=utf-8" />
  <meta name='ocr-system' content='tesseract 3.04.00' />
  <meta name='ocr-capabilities' content='ocr_page ocr_carea ocr_par ocr_line ocrx_word'/>
</head>
<body>
  <div class='ocr_page' id='page_1' title='image "./carolilachmanni00lachgoog_0136.png"; bbox 0 0 3509 5442; ppageno 0'>
   <div class='ocr_carea' id='block_1_1' title="bbox 331 568 896 640">
    <p class='ocr_par' dir='ltr' id='par_1_1' title="bbox 331 568 896 640">
     <span class='ocr_line' id='line_1_1' title="bbox 331 568 896 640; baseline -0.005 -3"><span class='ocrx_word' id='word_1_1' title='bbox 331 574 393 640; x_wconf 86' lang='lat'>130</span> <span class='ocrx_word' id='word_1_2' title='bbox 865 568 896 634; x_wconf 91' lang='lat'>11</span> 
     </span>
    </p>
   </div>
   <div class='ocr_carea' id='block_1_2' title="bbox 323 738 1439 3971">
    <p class='ocr_par' dir='ltr' id='par_1_2' title="bbox 323 738 1439 3971">
     <span class='ocr_line' id='line_1_2' title="bbox 330 738 1437 823; baseline 0.003 -19"><span class='ocrx_word' id='word_1_3' title='bbox 330 739 456 805; x_wconf 77' lang='lat' dir='ltr'>facilius</span> <span class='ocrx_word' id='word_1_4' title='bbox 477 738 674 823; x_wconf 80' lang='lat' dir='ltr'>pinguescit.</span> <span class='ocrx_word' id='word_1_5' title='bbox 691 744 818 817; x_wconf 88' lang='lat' dir='ltr'>cetera,</span> <span class='ocrx_word' id='word_1_6' title='bbox 834 739 867 802; x_wconf 94' lang='lat' dir='ltr'>in</span> <span class='ocrx_word' id='word_1_7' title='bbox 890 739 1042 821; x_wconf 73' lang='lat' dir='ltr'>quibust</span> <span class='ocrx_word' id='word_1_8' title='bbox 1057 739 1162 806; x_wconf 88' lang='lat' dir='ltr'>littera</span> <span class='ocrx_word' id='word_1_9' title='bbox 1183 746 1251 820; x_wconf 89' lang='lat' dir='ltr'>ost,</span> <span class='ocrx_word' id='word_1_10' title='bbox 1268 740 1346 805; x_wconf 91' lang='lat' dir='ltr'>huic</span> <span class='ocrx_word' id='word_1_11' title='bbox 1369 741 1437 807; x_wconf 88' lang='lat' dir='ltr'>sub</span> 
     </span>
     <span class='ocr_line' id='line_1_3' title="bbox 329 840 1438 926; baseline 0.002 -20"><span class='ocrx_word' id='word_1_12' title='bbox 329 842 444 906; x_wconf 90' lang='lat' dir='ltr'>iectam</span> <span class='ocrx_word' id='word_1_13' title='bbox 465 840 585 905; x_wconf 89' lang='lat' dir='ltr'>habent</span> <span class='ocrx_word' id='word_1_14' title='bbox 606 840 737 905; x_wconf 91' lang='lat' dir='ltr'>brevem</span> <span class='ocrx_word' id='word_1_15' title='bbox 759 840 906 905; x_wconf 80' lang='lat' dir='ltr'><strong>vocalem</strong></span> <span class='ocrx_word' id='word_1_16' title='bbox 928 840 995 906; x_wconf 90' lang='lat' dir='ltr'>sive</span> <span class='ocrx_word' id='word_1_17' title='bbox 1018 840 1121 906; x_wconf 93' lang='lat' dir='ltr'>solam</span> <span class='ocrx_word' id='word_1_18' title='bbox 1142 841 1268 926; x_wconf 92' lang='lat' dir='ltr'>inipso</span> <span class='ocrx_word' id='word_1_19' title='bbox 1291 843 1438 908; x_wconf 78' lang='lat' dir='ltr'>vocabuli</span> 
     </span>
     <span class='ocr_line' id='line_1_4' title="bbox 330 942 1439 1028; baseline 0.005 -23"><span class='ocrx_word' id='word_1_20' title='bbox 330 942 409 1020; x_wconf 92' lang='lat' dir='ltr'>fine,</span> <span class='ocrx_word' id='word_1_21' title='bbox 423 943 563 1007; x_wconf 80' lang='lat' dir='ltr'>dominia</span> <span class='ocrx_word' id='word_1_22' title='bbox 578 944 732 1028; x_wconf 79' lang='lat' dir='ltr'>copario,</span> <span class='ocrx_word' id='word_1_23' title='bbox 751 943 817 1007; x_wconf 88' lang='lat' dir='ltr'>sive</span> <span class='ocrx_word' id='word_1_24' title='bbox 833 961 904 1006; x_wconf 92' lang='lat' dir='ltr'>cum</span> <span class='ocrx_word' id='word_1_25' title='bbox 919 962 984 1006; x_wconf 92' lang='lat' dir='ltr'>una</span> <span class='ocrx_word' id='word_1_26' title='bbox 995 942 1178 1027; x_wconf 83' lang='lat' dir='ltr'>pluribusve</span> <span class='ocrx_word' id='word_1_27' title='bbox 1191 944 1439 1010; x_wconf 80' lang='lat' dir='ltr'>consonantibus</span> 
     </span>
     <span class='ocr_line' id='line_1_5' title="bbox 331 1043 1439 1130; baseline 0.004 -22"><span class='ocrx_word' id='word_1_28' title='bbox 331 1043 547 1122; x_wconf 81' lang='lat' dir='ltr'>coniunctam,</span> <span class='ocrx_word' id='word_1_29' title='bbox 561 1045 692 1109; x_wconf 82' lang='lat' dir='ltr'>tiberias</span> <span class='ocrx_word' id='word_1_30' title='bbox 703 1043 974 1129; x_wconf 78' lang='lat' dir='ltr'>mendaciloquius</span> <span class='ocrx_word' id='word_1_31' title='bbox 985 1046 1220 1130; x_wconf 84' lang='lat' dir='ltr'>abietefaoiant</span> <span class='ocrx_word' id='word_1_32' title='bbox 1230 1047 1374 1112; x_wconf 89' lang='lat' dir='ltr'>orinndi.</span> <span class='ocrx_word' id='word_1_33' title='bbox 1385 1045 1439 1112; x_wconf 85' lang='lat' dir='ltr'>sed</span> 
     </span>
     <span class='ocr_line' id='line_1_6' title="bbox 331 1144 1438 1232; baseline 0.004 -23"><span class='ocrx_word' id='word_1_34' title='bbox 331 1165 415 1227; x_wconf 90' lang='lat' dir='ltr'>quae</span> <span class='ocrx_word' id='word_1_35' title='bbox 436 1144 486 1209; x_wconf 91' lang='lat' dir='ltr'>his</span> <span class='ocrx_word' id='word_1_36' title='bbox 509 1144 669 1211; x_wconf 91' lang='lat' dir='ltr'>simillima</span> <span class='ocrx_word' id='word_1_37' title='bbox 691 1149 764 1209; x_wconf 92' lang='lat' dir='ltr'>sunt</span> <span class='ocrx_word' id='word_1_38' title='bbox 778 1171 799 1209; x_wconf 86' lang='lat' dir='ltr'>a</span> <span class='ocrx_word' id='word_1_39' title='bbox 816 1151 1042 1210; x_wconf 85' lang='lat' dir='ltr'>consonantem</span> <span class='ocrx_word' id='word_1_40' title='bbox 1058 1145 1213 1228; x_wconf 91' lang='lat' dir='ltr'>recipiunt</span> <span class='ocrx_word' id='word_1_41' title='bbox 1235 1153 1267 1212; x_wconf 93' lang='lat' dir='ltr'>et</span> <span class='ocrx_word' id='word_1_42' title='bbox 1282 1147 1438 1232; x_wconf 85' lang='lat' dir='ltr'>syllabam</span> 
     </span>
     <span class='ocr_line' id='line_1_7' title="bbox 330 1247 1438 1335; baseline 0.004 -24"><span class='ocrx_word' id='word_1_43' title='bbox 330 1247 482 1330; x_wconf 87' lang='lat' dir='ltr'>longam,</span> <span class='ocrx_word' id='word_1_44' title='bbox 495 1273 598 1335; x_wconf 75' lang='lat' dir='ltr'>penca</span> <span class='ocrx_word' id='word_1_45' title='bbox 609 1251 707 1312; x_wconf 85' lang='lat' dir='ltr'>tenvis</span> <span class='ocrx_word' id='word_1_46' title='bbox 719 1257 823 1312; x_wconf 80' lang='lat' dir='ltr'>tenvia</span> <span class='ocrx_word' id='word_1_47' title='bbox 835 1261 1054 1312; x_wconf 80' lang='lat' dir='ltr'>entcnvantnr.</span> <span class='ocrx_word' id='word_1_48' title='bbox 1069 1248 1145 1312; x_wconf 91' lang='lat' dir='ltr'>item</span> <span class='ocrx_word' id='word_1_49' title='bbox 1156 1252 1173 1313; x_wconf 91' lang='lat' dir='ltr'>i</span> <span class='ocrx_word' id='word_1_50' title='bbox 1179 1249 1318 1314; x_wconf 86' lang='lat' dir='ltr'>litteram</span> <span class='ocrx_word' id='word_1_51' title='bbox 1330 1269 1438 1315; x_wconf 88' lang='lat' dir='ltr'>omnes</span> 
     </span>
     <span class='ocr_line' id='line_1_8' title="bbox 331 1346 1436 1432; baseline 0.001 -17"><span class='ocrx_word' id='word_1_52' title='bbox 331 1347 506 1431; x_wconf 86' lang='lat' dir='ltr'>aVer&#39;gilio</span> <span class='ocrx_word' id='word_1_53' title='bbox 521 1354 635 1432; x_wconf 75' lang='lat' dir='ltr'>poetae</span> <span class='ocrx_word' id='word_1_54' title='bbox 649 1346 848 1431; x_wconf 85' lang='lat' dir='ltr'>pinguiorem</span> <span class='ocrx_word' id='word_1_55' title='bbox 870 1348 1015 1413; x_wconf 90' lang='lat' dir='ltr'>fecerunt</span> <span class='ocrx_word' id='word_1_56' title='bbox 1040 1355 1113 1413; x_wconf 91' lang='lat' dir='ltr'>ante</span> <span class='ocrx_word' id='word_1_57' title='bbox 1134 1350 1280 1415; x_wconf 88' lang='lat' dir='ltr'>vocalem</span> <span class='ocrx_word' id='word_1_58' title='bbox 1300 1352 1436 1430; x_wconf 86' lang='lat' dir='ltr'>brevem,</span> 
     </span>
     <span class='ocr_line' id='line_1_9' title="bbox 330 1449 1436 1540; baseline 0.003 -24"><span class='ocrx_word' id='word_1_59' title='bbox 330 1456 366 1516; x_wconf 92' lang='lat' dir='ltr'>ut</span> <span class='ocrx_word' id='word_1_60' title='bbox 377 1451 517 1515; x_wconf 90' lang='lat' dir='ltr'>dicerent</span> <span class='ocrx_word' id='word_1_61' title='bbox 527 1449 629 1533; x_wconf 88' lang='lat' dir='ltr'>prima</span> <span class='ocrx_word' id='word_1_62' title='bbox 640 1449 795 1532; x_wconf 92' lang='lat' dir='ltr'>producta</span> <span class='ocrx_word' id='word_1_63' title='bbox 806 1451 969 1514; x_wconf 80' lang='lat' dir='ltr'>Aba&#39;en&#39;bns</span> <span class='ocrx_word' id='word_1_64' title='bbox 980 1453 1106 1516; x_wconf 72' lang='lat' dir='ltr'>ravenas</span> <span class='ocrx_word' id='word_1_65' title='bbox 1117 1501 1126 1533; x_wconf 85' lang='lat'>,</span> <span class='ocrx_word' id='word_1_66' title='bbox 1138 1453 1265 1518; x_wconf 79' lang='lat' dir='ltr'>Arietat</span> <span class='ocrx_word' id='word_1_67' title='bbox 1275 1456 1311 1519; x_wconf 82' lang='lat' dir='ltr'>c‘n</span> <span class='ocrx_word' id='word_1_68' title='bbox 1317 1468 1436 1540; x_wconf 81' lang='lat' dir='ltr'>portos,</span> 
     </span>
     <span class='ocr_line' id='line_1_10' title="bbox 331 1553 1435 1641; baseline 0.003 -24"><span class='ocrx_word' id='word_1_69' title='bbox 331 1555 476 1617; x_wconf 81' lang='lat' dir='ltr'>interrant</span> <span class='ocrx_word' id='word_1_70' title='bbox 490 1554 587 1616; x_wconf 84' lang='lat' dir='ltr'>abiete</span> <span class='ocrx_word' id='word_1_71' title='bbox 602 1565 702 1615; x_wconf 87' lang='lat' dir='ltr'>costas</span> <span class='ocrx_word' id='word_1_72' title='bbox 713 1603 721 1633; x_wconf 83' lang='lat'>,</span> <span class='ocrx_word' id='word_1_73' title='bbox 733 1553 908 1636; x_wconf 80' lang='lat' dir='ltr'>pulsabant</span> <span class='ocrx_word' id='word_1_74' title='bbox 922 1554 1019 1616; x_wconf 87' lang='lat' dir='ltr'>ariete</span> <span class='ocrx_word' id='word_1_75' title='bbox 1030 1576 1156 1636; x_wconf 85' lang='lat' dir='ltr'>maros,</span> <span class='ocrx_word' id='word_1_76' title='bbox 1175 1556 1302 1641; x_wconf 82' lang='lat' dir='ltr'>Templi</span> <span class='ocrx_word' id='word_1_77' title='bbox 1306 1557 1435 1640; x_wconf 83' lang='lat' dir='ltr'>parieti·</span> 
     </span>
     <span class='ocr_line' id='line_1_11' title="bbox 332 1654 1434 1740; baseline 0.001 -21"><span class='ocrx_word' id='word_1_78' title='bbox 332 1657 388 1719; x_wconf 83' lang='lat' dir='ltr'>bns</span> <span class='ocrx_word' id='word_1_79' title='bbox 410 1657 460 1719; x_wconf 85' lang='lat' dir='ltr'>tni</span> <span class='ocrx_word' id='word_1_80' title='bbox 478 1655 603 1734; x_wconf 83' lang='lat' dir='ltr'>notavi,</span> <span class='ocrx_word' id='word_1_81' title='bbox 620 1654 772 1716; x_wconf 77' lang='lat' dir='ltr'>Laeserat</span> <span class='ocrx_word' id='word_1_82' title='bbox 790 1654 920 1738; x_wconf 80' lang='lat' dir='ltr'>abiepni</span> <span class='ocrx_word' id='word_1_83' title='bbox 928 1702 935 1716; x_wconf 87' lang='lat'><strong>.</strong></span> <span class='ocrx_word' id='word_1_84' title='bbox 956 1657 1051 1734; x_wconf 91' lang='lat' dir='ltr'>atque</span> <span class='ocrx_word' id='word_1_85' title='bbox 1082 1655 1331 1740; x_wconf 90' lang='lat' dir='ltr'>omnitempore</span> <span class='ocrx_word' id='word_1_86' title='bbox 1353 1656 1434 1721; x_wconf 89' lang='lat' dir='ltr'>idem</span> 
     </span>
     <span class='ocr_line' id='line_1_12' title="bbox 332 1751 1434 1841; baseline 0.001 -20"><span class='ocrx_word' id='word_1_87' title='bbox 332 1756 540 1821; x_wconf 89' lang='lat' dir='ltr'>observarunt</span> <span class='ocrx_word' id='word_1_88' title='bbox 560 1753 615 1818; x_wconf 93' lang='lat' dir='ltr'>ubi</span> <span class='ocrx_word' id='word_1_89' title='bbox 636 1751 757 1817; x_wconf 93' lang='lat' dir='ltr'>vocalis</span> <span class='ocrx_word' id='word_1_90' title='bbox 778 1758 892 1816; x_wconf 88' lang='lat' dir='ltr'>natura</span> <span class='ocrx_word' id='word_1_91' title='bbox 913 1751 1011 1834; x_wconf 89' lang='lat' dir='ltr'>longa</span> <span class='ocrx_word' id='word_1_92' title='bbox 1034 1755 1200 1836; x_wconf 88' lang='lat' dir='ltr'>sequitur,</span> <span class='ocrx_word' id='word_1_93' title='bbox 1221 1764 1256 1822; x_wconf 91' lang='lat' dir='ltr'>ut</span> <span class='ocrx_word' id='word_1_94' title='bbox 1278 1759 1434 1841; x_wconf 88' lang='lat' dir='ltr'>Vergilius</span> 
     </span>
     <span class='ocr_line' id='line_1_13' title="bbox 331 1854 1433 1939; baseline -0.001 -15"><span class='ocrx_word' id='word_1_95' title='bbox 331 1859 516 1924; x_wconf 72' lang='lat' dir='ltr'>Binviorana</span> <span class='ocrx_word' id='word_1_96' title='bbox 534 1881 612 1938; x_wconf 80' lang='lat' dir='ltr'>ren,</span> <span class='ocrx_word' id='word_1_97' title='bbox 629 1854 780 1919; x_wconf 82' lang='lat' dir='ltr'>Horatius</span> <span class='ocrx_word' id='word_1_98' title='bbox 802 1856 841 1919; x_wconf 84' lang='lat' dir='ltr'>Ut</span> <span class='ocrx_word' id='word_1_99' title='bbox 861 1855 1051 1937; x_wconf 73' lang='lat' dir='ltr'>Nasidieni,</span> <span class='ocrx_word' id='word_1_100' title='bbox 1068 1856 1186 1922; x_wconf 86' lang='lat' dir='ltr'>Statius</span> <span class='ocrx_word' id='word_1_101' title='bbox 1200 1857 1302 1923; x_wconf 90' lang='lat' dir='ltr'>Theb.</span> <span class='ocrx_word' id='word_1_102' title='bbox 1318 1883 1363 1939; x_wconf 93' lang='lat' dir='ltr'>1v,</span> <span class='ocrx_word' id='word_1_103' title='bbox 1375 1865 1433 1928; x_wconf 80' lang='grc'>429</span> 
     </span>
     <span class='ocr_line' id='line_1_14' title="bbox 330 1954 1433 2045; baseline -0.002 -20"><span class='ocrx_word' id='word_1_104' title='bbox 330 1963 388 2025; x_wconf 85' lang='lat' dir='ltr'>nbi</span> <span class='ocrx_word' id='word_1_105' title='bbox 395 1961 508 2025; x_wconf 80' lang='lat' dir='ltr'>iimina</span> <span class='ocrx_word' id='word_1_106' title='bbox 513 1957 636 2044; x_wconf 83' lang='lat' dir='ltr'>patrui,</span> <span class='ocrx_word' id='word_1_107' title='bbox 649 1954 746 2019; x_wconf 86' lang='lat' dir='ltr'>Silius</span> <span class='ocrx_word' id='word_1_108' title='bbox 758 1958 891 2020; x_wconf 74' lang='lat' dir='ltr'>sinentes</span> <span class='ocrx_word' id='word_1_109' title='bbox 902 1959 1024 2020; x_wconf 87' lang='lat' dir='ltr'>sinvato</span> <span class='ocrx_word' id='word_1_110' title='bbox 1035 1959 1181 2022; x_wconf 81' lang='lat' dir='ltr'>sineatur</span> <span class='ocrx_word' id='word_1_111' title='bbox 1189 1982 1231 2037; x_wconf 87' lang='lat' dir='ltr'>vr,</span> <span class='ocrx_word' id='word_1_112' title='bbox 1239 1963 1303 2030; x_wconf 78' lang='lat'>226</span> <span class='ocrx_word' id='word_1_113' title='bbox 1315 1984 1371 2045; x_wconf 78' lang='lat' dir='ltr'>vn,</span> <span class='ocrx_word' id='word_1_114' title='bbox 1376 1967 1433 2031; x_wconf 84' lang='lat'>503</span> 
     </span>
     <span class='ocr_line' id='line_1_15' title="bbox 330 2055 1433 2146; baseline 0.004 -22"><span class='ocrx_word' id='word_1_115' title='bbox 330 2085 361 2141; x_wconf 83' lang='lat' dir='ltr'>x,</span> <span class='ocrx_word' id='word_1_116' title='bbox 376 2066 456 2138; x_wconf 83' lang='grc'>182,</span> <span class='ocrx_word' id='word_1_117' title='bbox 473 2059 596 2124; x_wconf 82' lang='lat' dir='ltr'>Seneca</span> <span class='ocrx_word' id='word_1_118' title='bbox 609 2055 641 2120; x_wconf 90' lang='lat' dir='ltr'>in</span> <span class='ocrx_word' id='word_1_119' title='bbox 653 2056 767 2121; x_wconf 87' lang='lat' dir='ltr'>Medea</span> <span class='ocrx_word' id='word_1_120' title='bbox 781 2061 863 2125; x_wconf 78' lang='lat'>1052</span> <span class='ocrx_word' id='word_1_121' title='bbox 875 2057 997 2123; x_wconf 80' lang='lat' dir='ltr'>Sceleri</span> <span class='ocrx_word' id='word_1_122' title='bbox 1004 2058 1114 2123; x_wconf 84' lang='lat' dir='ltr'>modas</span> <span class='ocrx_word' id='word_1_123' title='bbox 1126 2059 1253 2126; x_wconf 82' lang='lat' dir='ltr'>debetur</span> <span class='ocrx_word' id='word_1_124' title='bbox 1266 2064 1433 2146; x_wconf 76' lang='lat' dir='ltr'>nbifacrbs</span> 
     </span>
     <span class='ocr_line' id='line_1_16' title="bbox 330 2158 1432 2245; baseline 0.002 -17"><span class='ocrx_word' id='word_1_125' title='bbox 330 2165 452 2245; x_wconf 65' lang='lat' dir='ltr'>saetas,</span> <span class='ocrx_word' id='word_1_126' title='bbox 467 2180 602 2242; x_wconf 91' lang='lat' dir='ltr'>quorum</span> <span class='ocrx_word' id='word_1_127' title='bbox 616 2158 677 2221; x_wconf 93' lang='lat' dir='ltr'>hoc</span> <span class='ocrx_word' id='word_1_128' title='bbox 691 2163 886 2241; x_wconf 90' lang='lat' dir='ltr'>postremum</span> <span class='ocrx_word' id='word_1_129' title='bbox 906 2158 940 2221; x_wconf 94' lang='lat' dir='ltr'>in</span> <span class='ocrx_word' id='word_1_130' title='bbox 954 2158 1066 2239; x_wconf 88' lang='lat' dir='ltr'>primis</span> <span class='ocrx_word' id='word_1_131' title='bbox 1081 2166 1224 2242; x_wconf 88' lang='lat' dir='ltr'>apertum</span> <span class='ocrx_word' id='word_1_132' title='bbox 1240 2169 1298 2243; x_wconf 90' lang='lat' dir='ltr'>est,</span> <span class='ocrx_word' id='word_1_133' title='bbox 1314 2185 1386 2229; x_wconf 92' lang='lat' dir='ltr'>cum</span> <span class='ocrx_word' id='word_1_134' title='bbox 1398 2185 1432 2230; x_wconf 92' lang='lat' dir='ltr'>eo</span> 
     </span>
     <span class='ocr_line' id='line_1_17' title="bbox 329 2258 1433 2347; baseline 0.002 -19"><span class='ocrx_word' id='word_1_135' title='bbox 329 2264 399 2328; x_wconf 94' lang='lat' dir='ltr'>loco</span> <span class='ocrx_word' id='word_1_136' title='bbox 422 2262 560 2347; x_wconf 92' lang='lat' dir='ltr'>positum</span> <span class='ocrx_word' id='word_1_137' title='bbox 583 2258 623 2323; x_wconf 92' lang='lat' dir='ltr'>sit</span> <span class='ocrx_word' id='word_1_138' title='bbox 645 2258 696 2322; x_wconf 93' lang='lat' dir='ltr'>cui</span> <span class='ocrx_word' id='word_1_139' title='bbox 717 2259 769 2323; x_wconf 93' lang='lat' dir='ltr'>hic</span> <span class='ocrx_word' id='word_1_140' title='bbox 790 2265 885 2343; x_wconf 73' lang='lat' dir='ltr'>poeta</span> <span class='ocrx_word' id='word_1_141' title='bbox 899 2265 1107 2343; x_wconf 87' lang='lat' dir='ltr'>anapaestum</span> <span class='ocrx_word' id='word_1_142' title='bbox 1130 2267 1162 2326; x_wconf 93' lang='lat' dir='ltr'>et</span> <span class='ocrx_word' id='word_1_143' title='bbox 1183 2265 1362 2347; x_wconf 91' lang='lat' dir='ltr'>spondeum</span> <span class='ocrx_word' id='word_1_144' title='bbox 1385 2267 1433 2330; x_wconf 91' lang='lat' dir='ltr'>tri·</span> 
     </span>
     <span class='ocr_line' id='line_1_18' title="bbox 329 2359 1432 2449; baseline 0.005 -21"><span class='ocrx_word' id='word_1_145' title='bbox 329 2364 397 2428; x_wconf 93' lang='lat' dir='ltr'>buit</span> <span class='ocrx_word' id='word_1_146' title='bbox 416 2364 503 2428; x_wconf 95' lang='lat' dir='ltr'>solos</span> <span class='ocrx_word' id='word_1_147' title='bbox 525 2363 612 2448; x_wconf 90' lang='lat' dir='ltr'>(nam</span> <span class='ocrx_word' id='word_1_148' title='bbox 627 2359 759 2424; x_wconf 88' lang='lat' dir='ltr'>Medeae</span> <span class='ocrx_word' id='word_1_149' title='bbox 774 2381 886 2426; x_wconf 90' lang='lat' dir='ltr'>versus</span> <span class='ocrx_word' id='word_1_150' title='bbox 900 2365 963 2429; x_wconf 79' lang='lat'>512</span> <span class='ocrx_word' id='word_1_151' title='bbox 980 2367 1010 2425; x_wconf 89' lang='lat' dir='ltr'>et</span> <span class='ocrx_word' id='word_1_152' title='bbox 1027 2367 1109 2443; x_wconf 74' lang='lat'>709,</span> <span class='ocrx_word' id='word_1_153' title='bbox 1125 2367 1289 2449; x_wconf 70' lang='lat' dir='ltr'>nepotibus</span> <span class='ocrx_word' id='word_1_154' title='bbox 1311 2372 1344 2432; x_wconf 89' lang='lat' dir='ltr'>et</span> <span class='ocrx_word' id='word_1_155' title='bbox 1358 2369 1432 2433; x_wconf 81' lang='lat' dir='ltr'>Pro</span> 
     </span>
     <span class='ocr_line' id='line_1_19' title="bbox 329 2461 1431 2556; baseline 0.003 -26"><span class='ocrx_word' id='word_1_156' title='bbox 329 2467 458 2546; x_wconf 83' lang='lat' dir='ltr'>nvetbet&#39;,</span> <span class='ocrx_word' id='word_1_157' title='bbox 473 2464 548 2527; x_wconf 88' lang='lat' dir='ltr'>item</span> <span class='ocrx_word' id='word_1_158' title='bbox 564 2463 597 2526; x_wconf 90' lang='lat' dir='ltr'>in</span> <span class='ocrx_word' id='word_1_159' title='bbox 607 2461 747 2544; x_wconf 84' lang='lat' dir='ltr'>Thyeste</span> <span class='ocrx_word' id='word_1_160' title='bbox 762 2467 821 2530; x_wconf 81' lang='lat'>115</span> <span class='ocrx_word' id='word_1_161' title='bbox 836 2464 1051 2546; x_wconf 77' lang='lat' dir='ltr'>Phoronides,</span> <span class='ocrx_word' id='word_1_162' title='bbox 1067 2463 1101 2526; x_wconf 90' lang='lat' dir='ltr'>in</span> <span class='ocrx_word' id='word_1_163' title='bbox 1114 2466 1251 2530; x_wconf 79' lang='lat' dir='ltr'>Troasin</span> <span class='ocrx_word' id='word_1_164' title='bbox 1264 2473 1326 2537; x_wconf 84' lang='lat'>195</span> <span class='ocrx_word' id='word_1_165' title='bbox 1341 2471 1431 2556; x_wconf 72' lang='lat' dir='ltr'>Poly-</span> 
     </span>
     <span class='ocr_line' id='line_1_20' title="bbox 330 2563 1432 2654; baseline 0.002 -22"><span class='ocrx_word' id='word_1_166' title='bbox 330 2591 431 2648; x_wconf 78' lang='lat' dir='ltr'>aeno,</span> <span class='ocrx_word' id='word_1_167' title='bbox 451 2570 533 2634; x_wconf 89' lang='lat'>1030</span> <span class='ocrx_word' id='word_1_168' title='bbox 549 2567 730 2644; x_wconf 82' lang='lat' dir='ltr'>cacumine,</span> <span class='ocrx_word' id='word_1_169' title='bbox 747 2563 780 2627; x_wconf 90' lang='lat' dir='ltr'>in</span> <span class='ocrx_word' id='word_1_170' title='bbox 796 2563 932 2629; x_wconf 82' lang='lat' dir='ltr'>Hercule</span> <span class='ocrx_word' id='word_1_171' title='bbox 954 2564 1053 2628; x_wconf 86' lang='lat' dir='ltr'>altero</span> <span class='ocrx_word' id='word_1_172' title='bbox 1070 2571 1132 2633; x_wconf 84' lang='grc'>804</span> <span class='ocrx_word' id='word_1_173' title='bbox 1148 2566 1367 2654; x_wconf 73' lang='lat' dir='ltr'>Capherides,</span> <span class='ocrx_word' id='word_1_174' title='bbox 1384 2591 1432 2635; x_wconf 82' lang='lat' dir='ltr'>ex·</span> 
     </span>
     <span class='ocr_line' id='line_1_21' title="bbox 330 2664 1433 2754; baseline 0.002 -22"><span class='ocrx_word' id='word_1_175' title='bbox 330 2667 524 2733; x_wconf 92' lang='lat' dir='ltr'>cusationem</span> <span class='ocrx_word' id='word_1_176' title='bbox 540 2664 671 2749; x_wconf 87' lang='lat' dir='ltr'>habent)</span> <span class='ocrx_word' id='word_1_177' title='bbox 687 2689 693 2727; x_wconf 93' lang='lat'>:</span> <span class='ocrx_word' id='word_1_178' title='bbox 710 2671 902 2747; x_wconf 88' lang='lat' dir='ltr'>anapaestus</span> <span class='ocrx_word' id='word_1_179' title='bbox 925 2684 996 2729; x_wconf 88' lang='lat' dir='ltr'>esse</span> <span class='ocrx_word' id='word_1_180' title='bbox 1018 2686 1082 2730; x_wconf 95' lang='lat' dir='ltr'>non</span> <span class='ocrx_word' id='word_1_181' title='bbox 1097 2673 1221 2750; x_wconf 87' lang='lat' dir='ltr'>potest,</span> <span class='ocrx_word' id='word_1_182' title='bbox 1239 2690 1318 2752; x_wconf 89' lang='lat' dir='ltr'>ergo</span> <span class='ocrx_word' id='word_1_183' title='bbox 1342 2690 1433 2754; x_wconf 84' lang='lat' dir='ltr'>spon·</span> 
     </span>
     <span class='ocr_line' id='line_1_22' title="bbox 330 2766 1434 2860; baseline 0.007 -28"><span class='ocrx_word' id='word_1_184' title='bbox 330 2769 409 2833; x_wconf 88' lang='lat' dir='ltr'>deus</span> <span class='ocrx_word' id='word_1_185' title='bbox 443 2773 490 2831; x_wconf 91' lang='lat' dir='ltr'>est</span> <span class='ocrx_word' id='word_1_186' title='bbox 512 2770 651 2854; x_wconf 80' lang='lat' dir='ltr'>facias.</span> <span class='ocrx_word' id='word_1_187' title='bbox 679 2786 718 2829; x_wconf 86' lang='lat' dir='ltr'>ex</span> <span class='ocrx_word' id='word_1_188' title='bbox 750 2766 800 2831; x_wconf 92' lang='lat' dir='ltr'>his</span> <span class='ocrx_word' id='word_1_189' title='bbox 833 2771 968 2849; x_wconf 88' lang='lat' dir='ltr'>apparet</span> <span class='ocrx_word' id='word_1_190' title='bbox 999 2768 1085 2850; x_wconf 89' lang='lat' dir='ltr'>apud</span> <span class='ocrx_word' id='word_1_191' title='bbox 1119 2770 1256 2837; x_wconf 92' lang='lat' dir='ltr'>comicos</span> <span class='ocrx_word' id='word_1_192' title='bbox 1290 2773 1434 2860; x_wconf 77' lang='lat' dir='ltr'>teneyicc&#39;t</span> 
     </span>
     <span class='ocr_line' id='line_1_23' title="bbox 326 2866 1431 2955; baseline 0.008 -20"><span class='ocrx_word' id='word_1_193' title='bbox 326 2871 450 2935; x_wconf 88' lang='lat' dir='ltr'>tertiam</span> <span class='ocrx_word' id='word_1_194' title='bbox 472 2869 602 2949; x_wconf 90' lang='lat' dir='ltr'>longam</span> <span class='ocrx_word' id='word_1_195' title='bbox 623 2867 763 2948; x_wconf 87' lang='lat' dir='ltr'>habere,</span> <span class='ocrx_word' id='word_1_196' title='bbox 779 2866 854 2929; x_wconf 91' lang='lat' dir='ltr'>item</span> <span class='ocrx_word' id='word_1_197' title='bbox 877 2866 910 2930; x_wconf 95' lang='lat' dir='ltr'>in</span> <span class='ocrx_word' id='word_1_198' title='bbox 932 2868 1303 2939; x_wconf 88' lang='lat' dir='ltr'>Heautontimorumeno</span> <span class='ocrx_word' id='word_1_199' title='bbox 1318 2898 1339 2953; x_wconf 93' lang='lat'>1,</span> <span class='ocrx_word' id='word_1_200' title='bbox 1356 2879 1431 2955; x_wconf 89' lang='lat'>1,11</span> 
     </span>
     <span class='ocr_line' id='line_1_24' title="bbox 328 2968 1432 3064; baseline 0.006 -28"><span class='ocrx_word' id='word_1_201' title='bbox 328 2973 444 3059; x_wconf 73' lang='lat' dir='ltr'>conicyb</span> <span class='ocrx_word' id='word_1_202' title='bbox 458 2969 649 3053; x_wconf 86' lang='lat' dir='ltr'>trisyllabon</span> <span class='ocrx_word' id='word_1_203' title='bbox 671 2968 778 3033; x_wconf 87' lang='lat' dir='ltr'>media</span> <span class='ocrx_word' id='word_1_204' title='bbox 800 2968 955 3051; x_wconf 90' lang='lat' dir='ltr'>producta</span> <span class='ocrx_word' id='word_1_205' title='bbox 975 2969 1143 3036; x_wconf 91' lang='lat' dir='ltr'>dicendum</span> <span class='ocrx_word' id='word_1_206' title='bbox 1165 2993 1257 3053; x_wconf 89' lang='lat' dir='ltr'>esse,</span> <span class='ocrx_word' id='word_1_207' title='bbox 1273 2979 1342 3041; x_wconf 83' lang='lat' dir='ltr'>Ant</span> <span class='ocrx_word' id='word_1_208' title='bbox 1358 2977 1432 3064; x_wconf 83' lang='lat' dir='ltr'>plus</span> 
     </span>
     <span class='ocr_line' id='line_1_25' title="bbox 328 3072 1431 3162; baseline 0.002 -22"><span class='ocrx_word' id='word_1_209' title='bbox 328 3098 381 3157; x_wconf 86' lang='lat' dir='ltr'>ee,</span> <span class='ocrx_word' id='word_1_210' title='bbox 397 3087 431 3138; x_wconf 88' lang='lat' dir='ltr'>nt</span> <span class='ocrx_word' id='word_1_211' title='bbox 445 3074 688 3159; x_wconf 74' lang='lat' dir='ltr'>coateioapram</span> <span class='ocrx_word' id='word_1_212' title='bbox 704 3074 737 3135; x_wconf 91' lang='lat' dir='ltr'>in</span> <span class='ocrx_word' id='word_1_213' title='bbox 753 3072 803 3135; x_wconf 83' lang='lat' dir='ltr'>bis</span> <span class='ocrx_word' id='word_1_214' title='bbox 819 3073 1018 3158; x_wconf 62' lang='lat' dir='ltr'>regionibns,</span> <span class='ocrx_word' id='word_1_215' title='bbox 1035 3077 1066 3136; x_wconf 89' lang='lat' dir='ltr'>et</span> <span class='ocrx_word' id='word_1_216' title='bbox 1081 3078 1221 3140; x_wconf 83' lang='lat' dir='ltr'>continno</span> <span class='ocrx_word' id='word_1_217' title='bbox 1235 3077 1343 3141; x_wconf 86' lang='lat' dir='ltr'>media</span> <span class='ocrx_word' id='word_1_218' title='bbox 1362 3098 1431 3162; x_wconf 87' lang='lat' dir='ltr'>pro-</span> 
     </span>
     <span class='ocr_line' id='line_1_26' title="bbox 327 3173 1431 3260; baseline 0.004 -21"><span class='ocrx_word' id='word_1_219' title='bbox 327 3173 423 3239; x_wconf 86' lang='lat' dir='ltr'>ducta</span> <span class='ocrx_word' id='word_1_220' title='bbox 445 3174 479 3237; x_wconf 91' lang='lat' dir='ltr'>iu</span> <span class='ocrx_word' id='word_1_221' title='bbox 496 3173 680 3236; x_wconf 82' lang='lat' dir='ltr'>Trinummo</span> <span class='ocrx_word' id='word_1_222' title='bbox 696 3194 742 3250; x_wconf 89' lang='lat'>111,</span> <span class='ocrx_word' id='word_1_223' title='bbox 754 3176 784 3248; x_wconf 89' lang='lat'>3,</span> <span class='ocrx_word' id='word_1_224' title='bbox 799 3176 859 3248; x_wconf 79' lang='lat'>75,</span> <span class='ocrx_word' id='word_1_225' title='bbox 877 3173 1027 3237; x_wconf 73' lang='lat' dir='ltr'>Cbntinao</span> <span class='ocrx_word' id='word_1_226' title='bbox 1049 3183 1167 3259; x_wconf 79' lang='lat' dir='ltr'>operito</span> <span class='ocrx_word' id='word_1_227' title='bbox 1186 3176 1307 3260; x_wconf 84' lang='lat' dir='ltr'>denno,</span> <span class='ocrx_word' id='word_1_228' title='bbox 1324 3183 1431 3242; x_wconf 85' lang='lat' dir='ltr'>eontra</span> 
     </span>
     <span class='ocr_line' id='line_1_27' title="bbox 327 3273 1430 3362; baseline 0.004 -23"><span class='ocrx_word' id='word_1_229' title='bbox 327 3275 413 3359; x_wconf 92' lang='lat' dir='ltr'>apud</span> <span class='ocrx_word' id='word_1_230' title='bbox 427 3273 608 3339; x_wconf 81' lang='lat' dir='ltr'>Terentium</span> <span class='ocrx_word' id='word_1_231' title='bbox 615 3275 749 3359; x_wconf 75' lang='lat' dir='ltr'>faciant</span> <span class='ocrx_word' id='word_1_232' title='bbox 762 3291 819 3354; x_wconf 91' lang='lat' dir='ltr'>pro</span> <span class='ocrx_word' id='word_1_233' title='bbox 834 3274 962 3338; x_wconf 85' lang='lat' dir='ltr'>iambo.</span> <span class='ocrx_word' id='word_1_234' title='bbox 978 3278 1144 3362; x_wconf 71' lang='lat' dir='ltr'>maleficias</span> <span class='ocrx_word' id='word_1_235' title='bbox 1158 3278 1251 3342; x_wconf 88' lang='lat' dir='ltr'>tertia</span> <span class='ocrx_word' id='word_1_236' title='bbox 1264 3278 1366 3360; x_wconf 88' lang='lat' dir='ltr'>longa</span> <span class='ocrx_word' id='word_1_237' title='bbox 1387 3279 1430 3343; x_wconf 91' lang='lat' dir='ltr'>di-</span> 
     </span>
     <span class='ocr_line' id='line_1_28' title="bbox 328 3373 1430 3461; baseline 0.004 -19"><span class='ocrx_word' id='word_1_238' title='bbox 328 3376 462 3442; x_wconf 90' lang='lat' dir='ltr'>cendum</span> <span class='ocrx_word' id='word_1_239' title='bbox 486 3375 526 3439; x_wconf 91' lang='lat' dir='ltr'>sit</span> <span class='ocrx_word' id='word_1_240' title='bbox 546 3395 588 3438; x_wconf 90' lang='lat' dir='ltr'>an</span> <span class='ocrx_word' id='word_1_241' title='bbox 602 3375 755 3460; x_wconf 65' lang='lat' dir='ltr'>malatera</span> <span class='ocrx_word' id='word_1_242' title='bbox 770 3373 907 3437; x_wconf 89' lang='lat' dir='ltr'>dubitari</span> <span class='ocrx_word' id='word_1_243' title='bbox 927 3381 1031 3457; x_wconf 88' lang='lat' dir='ltr'>potest</span> <span class='ocrx_word' id='word_1_244' title='bbox 1045 3382 1173 3459; x_wconf 89' lang='lat' dir='ltr'>propter</span> <span class='ocrx_word' id='word_1_245' title='bbox 1195 3396 1333 3461; x_wconf 90' lang='lat' dir='ltr'>eaquae</span> <span class='ocrx_word' id='word_1_246' title='bbox 1356 3400 1430 3446; x_wconf 88' lang='lat' dir='ltr'>enu-</span> 
     </span>
     <span class='ocr_line' id='line_1_29' title="bbox 326 3474 1434 3563; baseline -0.002 -20"><span class='ocrx_word' id='word_1_247' title='bbox 326 3478 455 3543; x_wconf 87' lang='lat' dir='ltr'>merabo</span> <span class='ocrx_word' id='word_1_248' title='bbox 479 3475 520 3539; x_wconf 92' lang='lat' dir='ltr'>ad</span> <span class='ocrx_word' id='word_1_249' title='bbox 541 3474 656 3539; x_wconf 91' lang='lat' dir='ltr'>librum</span> <span class='ocrx_word' id='word_1_250' title='bbox 672 3497 702 3552; x_wconf 92' lang='lat' dir='ltr'>v,</span> <span class='ocrx_word' id='word_1_251' title='bbox 715 3480 757 3543; x_wconf 81' lang='lat'>85</span> <span class='ocrx_word' id='word_1_252' title='bbox 770 3499 777 3537; x_wconf 76' lang='grc' dir='ltr'>ι</span> <span class='ocrx_word' id='word_1_253' title='bbox 791 3493 898 3555; x_wconf 87' lang='lat' dir='ltr'>neque</span> <span class='ocrx_word' id='word_1_254' title='bbox 920 3475 1005 3539; x_wconf 89' lang='lat' dir='ltr'>enim</span> <span class='ocrx_word' id='word_1_255' title='bbox 1016 3482 1119 3562; x_wconf 80' lang='lat' dir='ltr'>pretii</span> <span class='ocrx_word' id='word_1_256' title='bbox 1140 3499 1198 3561; x_wconf 91' lang='lat' dir='ltr'>pro</span> <span class='ocrx_word' id='word_1_257' title='bbox 1213 3482 1358 3563; x_wconf 86' lang='lat' dir='ltr'>spondeo</span> <span class='ocrx_word' id='word_1_258' title='bbox 1379 3502 1434 3548; x_wconf 87' lang='lat' dir='ltr'>ve·.</span> 
     </span>
     <span class='ocr_line' id='line_1_30' title="bbox 325 3568 1429 3671; baseline 0.005 -27"><span class='ocrx_word' id='word_1_259' title='bbox 325 3585 411 3645; x_wconf 88' lang='lat' dir='ltr'>teres</span> <span class='ocrx_word' id='word_1_260' title='bbox 437 3568 585 3659; x_wconf 92' lang='lat' dir='ltr'>umquam</span> <span class='ocrx_word' id='word_1_261' title='bbox 614 3576 663 3640; x_wconf 91' lang='lat' dir='ltr'>usi</span> <span class='ocrx_word' id='word_1_262' title='bbox 690 3581 781 3658; x_wconf 87' lang='lat' dir='ltr'>sunt,</span> <span class='ocrx_word' id='word_1_263' title='bbox 805 3575 862 3640; x_wconf 90' lang='lat' dir='ltr'>sed</span> <span class='ocrx_word' id='word_1_264' title='bbox 890 3576 1037 3641; x_wconf 88' lang='lat' dir='ltr'>dixerunt</span> <span class='ocrx_word' id='word_1_265' title='bbox 1055 3583 1163 3665; x_wconf 78' lang='lat' dir='ltr'>preci,</span> <span class='ocrx_word' id='word_1_266' title='bbox 1184 3599 1243 3645; x_wconf 88' lang='lat' dir='ltr'>nec</span> <span class='ocrx_word' id='word_1_267' title='bbox 1269 3585 1429 3671; x_wconf 61' lang='lat' dir='ltr'>teneicit,</span> 
     </span>
     <span class='ocr_line' id='line_1_31' title="bbox 325 3677 1429 3772; baseline 0.002 -25"><span class='ocrx_word' id='word_1_268' title='bbox 325 3681 383 3747; x_wconf 92' lang='lat' dir='ltr'>sed</span> <span class='ocrx_word' id='word_1_269' title='bbox 405 3681 534 3765; x_wconf 79' lang='lat' dir='ltr'>benefici</span> <span class='ocrx_word' id='word_1_270' title='bbox 543 3728 550 3743; x_wconf 84' lang='lat'><strong>.</strong></span> <span class='ocrx_word' id='word_1_271' title='bbox 567 3697 649 3760; x_wconf 88' lang='lat' dir='ltr'>quae</span> <span class='ocrx_word' id='word_1_272' title='bbox 671 3677 815 3742; x_wconf 90' lang='lat' dir='ltr'>vocalem</span> <span class='ocrx_word' id='word_1_273' title='bbox 836 3677 955 3772; x_wconf 73' lang='lat' dir='ltr'>habent</span> <span class='ocrx_word' id='word_1_274' title='bbox 977 3698 1049 3742; x_wconf 93' lang='lat' dir='ltr'>cum</span> <span class='ocrx_word' id='word_1_275' title='bbox 1063 3706 1094 3745; x_wconf 78' lang='lat' dir='ltr'>na</span> <span class='ocrx_word' id='word_1_276' title='bbox 1108 3681 1142 3745; x_wconf 89' lang='lat' dir='ltr'>in</span> <span class='ocrx_word' id='word_1_277' title='bbox 1160 3681 1243 3761; x_wconf 89' lang='lat' dir='ltr'>fine,</span> <span class='ocrx_word' id='word_1_278' title='bbox 1258 3690 1333 3749; x_wconf 87' lang='lat' dir='ltr'>ante</span> <span class='ocrx_word' id='word_1_279' title='bbox 1356 3706 1429 3770; x_wconf 88' lang='lat' dir='ltr'>syn-</span> 
     </span>
     <span class='ocr_line' id='line_1_32' title="bbox 325 3776 1429 3868; baseline 0.005 -21"><span class='ocrx_word' id='word_1_280' title='bbox 325 3780 520 3865; x_wconf 90' lang='lat' dir='ltr'>ecphonesin</span> <span class='ocrx_word' id='word_1_281' title='bbox 545 3779 677 3864; x_wconf 89' lang='lat' dir='ltr'>produci</span> <span class='ocrx_word' id='word_1_282' title='bbox 700 3776 941 3844; x_wconf 88' lang='lat' dir='ltr'>observabimus</span> <span class='ocrx_word' id='word_1_283' title='bbox 969 3777 1012 3843; x_wconf 84' lang='lat' dir='ltr'>ad</span> <span class='ocrx_word' id='word_1_284' title='bbox 1034 3781 1150 3847; x_wconf 91' lang='lat' dir='ltr'>librum</span> <span class='ocrx_word' id='word_1_285' title='bbox 1164 3806 1211 3862; x_wconf 89' lang='lat'>111,</span> <span class='ocrx_word' id='word_1_286' title='bbox 1223 3789 1307 3868; x_wconf 81' lang='lat'>917,</span> <span class='ocrx_word' id='word_1_287' title='bbox 1323 3790 1429 3852; x_wconf 78' lang='lat' dir='ltr'>acina</span> 
     </span>
     <span class='ocr_line' id='line_1_33' title="bbox 323 3878 1428 3971; baseline 0.004 -24"><span class='ocrx_word' id='word_1_288' title='bbox 323 3887 488 3950; x_wconf 78' lang='lat' dir='ltr'>eonsilium</span> <span class='ocrx_word' id='word_1_289' title='bbox 505 3883 704 3948; x_wconf 78' lang='lat' dir='ltr'>Canariam:</span> <span class='ocrx_word' id='word_1_290' title='bbox 719 3898 823 3962; x_wconf 90' lang='lat' dir='ltr'>neque</span> <span class='ocrx_word' id='word_1_291' title='bbox 848 3878 939 3943; x_wconf 90' lang='lat' dir='ltr'>aliter</span> <span class='ocrx_word' id='word_1_292' title='bbox 955 3883 1118 3948; x_wconf 88' lang='lat' dir='ltr'>scaenicos</span> <span class='ocrx_word' id='word_1_293' title='bbox 1133 3887 1315 3971; x_wconf 68' lang='lat' dir='ltr'>beneficiam</span> <span class='ocrx_word' id='word_1_294' title='bbox 1335 3892 1428 3952; x_wconf 86' lang='lat' dir='ltr'>tetra·</span> 
     </span>
    </p>
   </div>
   <div class='ocr_carea' id='block_1_3' title="bbox 205 3979 1428 4077">
    <p class='ocr_par' dir='ltr' id='par_1_3' title="bbox 205 3979 1428 4077">
     <span class='ocr_line' id='line_1_34' title="bbox 205 3979 1428 4077; baseline 0.006 -30"><span class='ocrx_word' id='word_1_295' title='bbox 205 4069 208 4077; x_wconf 23' lang='lat'><strong><em>¹</em></strong></span> <span class='ocrx_word' id='word_1_296' title='bbox 324 3984 471 4068; x_wconf 92' lang='lat' dir='ltr'>syllabon</span> <span class='ocrx_word' id='word_1_297' title='bbox 493 3983 611 4047; x_wconf 87' lang='lat' dir='ltr'>dixisse</span> <span class='ocrx_word' id='word_1_298' title='bbox 634 3979 799 4045; x_wconf 78' lang='lat' dir='ltr'>existimo.</span> <span class='ocrx_word' id='word_1_299' title='bbox 814 3979 859 4043; x_wconf 93' lang='lat' dir='ltr'>ita</span> <span class='ocrx_word' id='word_1_300' title='bbox 877 3980 1009 4046; x_wconf 89' lang='lat' dir='ltr'>Plautus</span> <span class='ocrx_word' id='word_1_301' title='bbox 1023 3984 1152 4068; x_wconf 81' lang='lat' dir='ltr'>faciam</span> <span class='ocrx_word' id='word_1_302' title='bbox 1175 3985 1301 4053; x_wconf 92' lang='lat' dir='ltr'>duabus</span> <span class='ocrx_word' id='word_1_303' title='bbox 1323 3988 1428 4071; x_wconf 88' lang='lat' dir='ltr'>longis</span> 
     </span>
    </p>
   </div>
   <div class='ocr_carea' id='block_1_4' title="bbox 318 4082 1428 4779">
    <p class='ocr_par' dir='ltr' id='par_1_4' title="bbox 318 4082 1428 4779">
     <span class='ocr_line' id='line_1_35' title="bbox 321 4082 1428 4175; baseline 0.006 -27"><span class='ocrx_word' id='word_1_304' title='bbox 321 4086 355 4148; x_wconf 93' lang='lat' dir='ltr'>in</span> <span class='ocrx_word' id='word_1_305' title='bbox 366 4085 549 4148; x_wconf 81' lang='lat' dir='ltr'>Trinummo</span> <span class='ocrx_word' id='word_1_306' title='bbox 564 4105 610 4160; x_wconf 90' lang='lat'>111,</span> <span class='ocrx_word' id='word_1_307' title='bbox 622 4087 652 4160; x_wconf 87' lang='lat'>3,</span> <span class='ocrx_word' id='word_1_308' title='bbox 667 4087 705 4149; x_wconf 83' lang='lat'>77</span> <span class='ocrx_word' id='word_1_309' title='bbox 721 4082 927 4166; x_wconf 76' lang='lat' dir='ltr'>Itafdceana.</span> <span class='ocrx_word' id='word_1_310' title='bbox 944 4092 1070 4149; x_wconf 83' lang='lat' dir='ltr'>atenim</span> <span class='ocrx_word' id='word_1_311' title='bbox 1082 4090 1171 4152; x_wconf 86' lang='lat' dir='ltr'>nimi&#39;</span> <span class='ocrx_word' id='word_1_312' title='bbox 1186 4090 1277 4175; x_wconf 73' lang='lat' dir='ltr'>lonpo</span> <span class='ocrx_word' id='word_1_313' title='bbox 1289 4114 1428 4156; x_wconf 87' lang='lat' dir='ltr'>sermone</span> 
     </span>
     <span class='ocr_line' id='line_1_36' title="bbox 322 4184 1427 4270; baseline 0.005 -20"><span class='ocrx_word' id='word_1_314' title='bbox 322 4188 460 4251; x_wconf 74' lang='lat' dir='ltr'>asinar.</span> <span class='ocrx_word' id='word_1_315' title='bbox 476 4186 537 4249; x_wconf 94' lang='lat' dir='ltr'>hoc</span> <span class='ocrx_word' id='word_1_316' title='bbox 551 4203 647 4260; x_wconf 90' lang='lat' dir='ltr'>vero,</span> <span class='ocrx_word' id='word_1_317' title='bbox 663 4184 816 4268; x_wconf 78' lang='lat' dir='ltr'>utfaciac</span> <span class='ocrx_word' id='word_1_318' title='bbox 834 4189 865 4245; x_wconf 94' lang='lat' dir='ltr'>et</span> <span class='ocrx_word' id='word_1_319' title='bbox 879 4186 986 4248; x_wconf 80' lang='lat' dir='ltr'>aviam</span> <span class='ocrx_word' id='word_1_320' title='bbox 1002 4185 1105 4250; x_wconf 88' lang='lat' dir='ltr'>eidem</span> <span class='ocrx_word' id='word_1_321' title='bbox 1121 4189 1252 4270; x_wconf 88' lang='lat' dir='ltr'>regulae</span> <span class='ocrx_word' id='word_1_322' title='bbox 1268 4188 1427 4255; x_wconf 90' lang='lat' dir='ltr'>subician-</span> 
     </span>
     <span class='ocr_line' id='line_1_37' title="bbox 321 4282 1426 4372; baseline 0.005 -21"><span class='ocrx_word' id='word_1_323' title='bbox 321 4292 391 4366; x_wconf 86' lang='lat' dir='ltr'>tur,</span> <span class='ocrx_word' id='word_1_324' title='bbox 412 4306 450 4350; x_wconf 91' lang='lat' dir='ltr'>eo</span> <span class='ocrx_word' id='word_1_325' title='bbox 471 4287 539 4350; x_wconf 89' lang='lat' dir='ltr'>fieri</span> <span class='ocrx_word' id='word_1_326' title='bbox 560 4290 636 4368; x_wconf 93' lang='lat' dir='ltr'>puto</span> <span class='ocrx_word' id='word_1_327' title='bbox 660 4282 746 4364; x_wconf 91' lang='lat' dir='ltr'>quod</span> <span class='ocrx_word' id='word_1_328' title='bbox 764 4308 794 4347; x_wconf 86' lang='lat' dir='ltr'>m</span> <span class='ocrx_word' id='word_1_329' title='bbox 815 4282 911 4348; x_wconf 90' lang='lat' dir='ltr'>finale</span> <span class='ocrx_word' id='word_1_330' title='bbox 932 4283 1061 4366; x_wconf 88' lang='lat' dir='ltr'>longam</span> <span class='ocrx_word' id='word_1_331' title='bbox 1084 4289 1241 4372; x_wconf 90' lang='lat' dir='ltr'>syllabam</span> <span class='ocrx_word' id='word_1_332' title='bbox 1262 4289 1341 4355; x_wconf 90' lang='lat' dir='ltr'>facit</span> <span class='ocrx_word' id='word_1_333' title='bbox 1360 4291 1426 4357; x_wconf 88' lang='lat' dir='ltr'>sive</span> 
     </span>
     <span class='ocr_line' id='line_1_38' title="bbox 318 4384 1427 4473; baseline 0.007 -22"><span class='ocrx_word' id='word_1_334' title='bbox 318 4387 525 4473; x_wconf 75' lang='lat' dir='ltr'>preducenda</span> <span class='ocrx_word' id='word_1_335' title='bbox 546 4385 649 4451; x_wconf 89' lang='lat' dir='ltr'>vocali</span> <span class='ocrx_word' id='word_1_336' title='bbox 670 4384 784 4469; x_wconf 89' lang='lat' dir='ltr'>(quam</span> <span class='ocrx_word' id='word_1_337' title='bbox 805 4387 913 4448; x_wconf 90' lang='lat' dir='ltr'>tamen</span> <span class='ocrx_word' id='word_1_338' title='bbox 940 4404 975 4449; x_wconf 87' lang='lat' dir='ltr'>se</span> <span class='ocrx_word' id='word_1_339' title='bbox 997 4389 1184 4469; x_wconf 89' lang='lat' dir='ltr'>productam</span> <span class='ocrx_word' id='word_1_340' title='bbox 1207 4390 1321 4456; x_wconf 90' lang='lat' dir='ltr'>audire</span> <span class='ocrx_word' id='word_1_341' title='bbox 1341 4392 1427 4459; x_wconf 71' lang='lat' dir='ltr'>Prian</span> 
     </span>
     <span class='ocr_line' id='line_1_39' title="bbox 320 4483 1427 4574; baseline 0.004 -19"><span class='ocrx_word' id='word_1_342' title='bbox 320 4489 430 4555; x_wconf 76' lang='lat' dir='ltr'>cinnum</span> <span class='ocrx_word' id='word_1_343' title='bbox 449 4492 546 4570; x_wconf 90' lang='lat' dir='ltr'>negat</span> <span class='ocrx_word' id='word_1_344' title='bbox 560 4507 590 4570; x_wconf 92' lang='lat' dir='ltr'>p.</span> <span class='ocrx_word' id='word_1_345' title='bbox 605 4489 676 4567; x_wconf 80' lang='grc'>781,</span> <span class='ocrx_word' id='word_1_346' title='bbox 689 4483 726 4570; x_wconf 87' lang='grc'>8)</span> <span class='ocrx_word' id='word_1_347' title='bbox 742 4485 809 4550; x_wconf 89' lang='lat' dir='ltr'>sive</span> <span class='ocrx_word' id='word_1_348' title='bbox 825 4484 960 4550; x_wconf 89' lang='lat' dir='ltr'>obscuro</span> <span class='ocrx_word' id='word_1_349' title='bbox 985 4508 1063 4553; x_wconf 86' lang='lat' dir='ltr'>sono</span> <span class='ocrx_word' id='word_1_350' title='bbox 1080 4511 1151 4556; x_wconf 93' lang='lat' dir='ltr'>cum</span> <span class='ocrx_word' id='word_1_351' title='bbox 1165 4491 1271 4557; x_wconf 91' lang='lat' dir='ltr'>vocali</span> <span class='ocrx_word' id='word_1_352' title='bbox 1285 4494 1380 4574; x_wconf 90' lang='lat' dir='ltr'>quasi</span> <span class='ocrx_word' id='word_1_353' title='bbox 1394 4494 1427 4559; x_wconf 92' lang='lat' dir='ltr'>in</span> 
     </span>
     <span class='ocr_line' id='line_1_40' title="bbox 318 4584 1425 4676; baseline 0.004 -20"><span class='ocrx_word' id='word_1_354' title='bbox 318 4590 548 4674; x_wconf 80' lang='lat' dir='ltr'>diphthongum</span> <span class='ocrx_word' id='word_1_355' title='bbox 571 4585 795 4664; x_wconf 84' lang='lat' dir='ltr'>coalescente3</span> <span class='ocrx_word' id='word_1_356' title='bbox 817 4584 904 4666; x_wconf 91' lang='lat' dir='ltr'>quod</span> <span class='ocrx_word' id='word_1_357' title='bbox 925 4590 959 4649; x_wconf 90' lang='lat' dir='ltr'>ni</span> <span class='ocrx_word' id='word_1_358' title='bbox 980 4587 1120 4670; x_wconf 82' lang='lat' dir='ltr'>iaceret,</span> <span class='ocrx_word' id='word_1_359' title='bbox 1144 4612 1250 4676; x_wconf 91' lang='lat' dir='ltr'>neque</span> <span class='ocrx_word' id='word_1_360' title='bbox 1272 4592 1307 4658; x_wconf 93' lang='lat' dir='ltr'>in</span> <span class='ocrx_word' id='word_1_361' title='bbox 1328 4614 1425 4661; x_wconf 87' lang='lat' dir='ltr'>versu</span> 
     </span>
     <span class='ocr_line' id='line_1_41' title="bbox 318 4687 1424 4779; baseline 0.005 -23"><span class='ocrx_word' id='word_1_362' title='bbox 318 4691 417 4759; x_wconf 89' lang='lat' dir='ltr'>omitti</span> <span class='ocrx_word' id='word_1_363' title='bbox 431 4712 534 4777; x_wconf 85' lang='lat' dir='ltr'>neque</span> <span class='ocrx_word' id='word_1_364' title='bbox 548 4689 670 4756; x_wconf 91' lang='lat' dir='ltr'>hiatum</span> <span class='ocrx_word' id='word_1_365' title='bbox 684 4687 788 4754; x_wconf 83' lang='lat' dir='ltr'>facere</span> <span class='ocrx_word' id='word_1_366' title='bbox 801 4693 930 4772; x_wconf 89' lang='lat' dir='ltr'>posset,</span> <span class='ocrx_word' id='word_1_367' title='bbox 947 4691 1002 4772; x_wconf 92' lang='lat' dir='ltr'>qui</span> <span class='ocrx_word' id='word_1_368' title='bbox 1022 4691 1056 4754; x_wconf 93' lang='lat' dir='ltr'>in</span> <span class='ocrx_word' id='word_1_369' title='bbox 1070 4691 1158 4775; x_wconf 87' lang='lat' dir='ltr'>brevi</span> <span class='ocrx_word' id='word_1_370' title='bbox 1174 4695 1302 4779; x_wconf 89' lang='lat' dir='ltr'>syllaba</span> <span class='ocrx_word' id='word_1_371' title='bbox 1316 4695 1424 4762; x_wconf 88' lang='lat' dir='ltr'>nullus</span> 
     </span>
    </p>
   </div>
   <div class='ocr_carea' id='block_1_5' title="bbox 0 0 1760 5442">
    <p class='ocr_par' dir='ltr' id='par_1_5' title="bbox 0 0 1760 5442">
     <span class='ocr_line' id='line_1_42' title="bbox 0 0 1760 5442; baseline 0 4"><span class='ocrx_word' id='word_1_372' title='bbox 0 0 1760 5442; x_wconf 95' lang='lat' dir='ltr'> </span> 
     </span>
    </p>
   </div>
  </div>
 </body>
</html>
