3509 5442
319 559 383 626 aso
794 531 799 542 '
857 553 888 616 v

322 747 401 791 casu
420 726 465 789 uti
490 724 610 801 noluit,
627 743 690 804 quo
712 727 826 789 canabi
838 723 1009 788 dicendum
1030 728 1118 805 erat,
1135 722 1223 804 quod
1236 723 1356 789 habent
1369 745 1417 807 per

322 827 413 891 r'duo
437 827 586 909 scriptum
609 827 757 888 Lucanus
771 848 804 907 11,
818 830 956 894 330343
984 829 1014 886 et
1036 822 1156 888 Statius
1178 825 1282 890 Theb.
1299 831 1416 903 macc

322 953 353 1007 x,
365 934 421 1008 62,
435 927 492 993 sed
502 926 613 991 maluit
624 925 730 990 dicere
741 927 819 990 Aen.
836 949 879 1003 IV,
895 931 954 994 168
970 939 998 989 et
1009 929 1151 990 comecias
1162 929 1270 992 selber
1282 928 1415 992 Ooaabiis

324 1031 410 1112 sive,
427 1036 462 1093 ut
483 1027 559 1091 mihi
580 1026 723 1109 videtur,
741 1030 896 1092 Cenabis.
916 1025 977 1090 hoc
998 1031 1117 1089 certum
1137 1032 1205 1105 est,
1228 1031 1245 1092 i
1256 1027 1372 1110 pingue
1390 1034 1414 1091 et
1461 1067 1463 1075 ›

323 1132 356 1194 in
379 1136 605 1196 consonantem
629 1128 776 1193 duratum
799 1150 863 1193 non
884 1127 1003 1191 habere
1026 1127 1131 1191 locum
1152 1127 1320 1216 inflapia's
1335 1131 1413 1195 emila
1459 1152 1462 1159 ·

323 1235 478 1318 supplicis
500 1229 605 1294 media
628 1235 795 1311 correpta.
812 1230 844 1292 in
868 1228 1000 1293 Graecis
1021 1234 1129 1293 autem
1151 1228 1230 1294 nihil
1252 1231 1323 1295 eius
1343 1228 1413 1293 modi
1459 1260 1462 1292 1

323 1332 537 1403 admiserunt:
559 1350 663 1411 neque
685 1328 788 1408 enim,
809 1331 896 1411 quod
918 1329 1034 1393 Graeci
1060 1329 1094 1393 in
1118 1350 1176 1394 suo
1198 1351 1346 1396 sermone
1365 1330 1414 1395 sibi
1459 1354 1462 1396 1

323 1433 495 1515 aliquando
510 1433 606 1496 licere
621 1432 806 1509 voluerunt,
823 1431 899 1496 item
910 1430 1088 1514 peregrinis
1102 1430 1196 1509 lieet,
1213 1453 1288 1497 cnm
1303 1438 1415 1496 utuntm
1460 1437 1463 1496 ζ

323 1535 504 1599 nominibus
517 1532 661 1598 Graecis.
678 1531 786 1611 itaque
798 1533 899 1597 tribus
911 1532 1045 1616 syllabis
1055 1533 1207 1598 Paeonias
1219 1533 1342 1598 dixisse
1352 1535 1417 1598 Ver·

324 1636 435 1716 gilium
445 1635 479 1698 in
491 1640 613 1711 111769
626 1638 657 1697 et
666 1631 906 1714 epitomatorem
918 1632 1036 1697 Iliados
1044 1637 1116 1716 351,
1124 1634 1270 1700 Paeom'a
1282 1632 1419 1699 Ovidium

323 1737 357 1801 in
372 1744 498 1802 metam.
514 1758 567 1818 XV,
580 1741 664 1812 535,
680 1733 791 1797 Silium
813 1734 978 1812 11111121
996 1736 1171 1815 Paeom'os,
1188 1734 1335 1823 homines
1356 1733 1420 1800 dcc·

323 1838 436 1904 tissimi
458 1859 521 1901 non
544 1835 756 1920 persuadent,
773 1834 830 1898 sed
852 1837 959 1917 potius
981 1856 1111 1900 oausam
1125 1835 1269 1917 aliquam
1285 1837 1422 1901 omnibus

324 1959 521 2005 communem
543 1944 608 2002 tam
631 1943 828 2002 constantem
851 1957 991 2003 errorem
1014 1937 1157 2002 effecisse
1180 1937 1348 2020 suspicor:
1362 1939 1423 2003 nnl-

323 2042 374 2106 lus
397 2041 481 2105 enim
495 2045 660 2123 po'e'tarum
681 2039 714 2101 in
736 2035 796 2101 hac
816 2058 894 2104 voce
915 2059 1024 2104 veram
1040 2037 1194 2104 rationem
1217 2045 1349 2104 secutus
1363 2046 1422 2105 est.

325 2164 421 2225 quam
443 2142 483 2206 ob
511 2161 577 2206 rem
599 2138 768 2204 Mauricius
790 2139 949 2223 Hauptius
971 2139 1047 2204 mibi
1076 2146 1160 2205 recte
1180 2139 1325 2205 iudicare
1345 2142 1423 2207 vide·

324 2252 374 2309 tur
389 2243 549 2308 Catullum
570 2262 635 2305 ncn
658 2239 826 2323 scripsisse
841 2242 941 2306 Doris
955 2242 1143 2306 celebranda
1157 2244 1279 2312 eboratis
1293 2263 1351 2325 prc
1366 2245 1422 2308 Do·

324 2349 384 2410 ritis
406 2349 462 2407 aut
475 2344 628 2407 Dormio.
646 2342 699 2423 qui
722 2360 792 2404 cum
813 2342 979 2406 verissime
1001 2340 1076 2406 dicit
1096 2343 1130 2406 in
1152 2343 1422 2409 observationibus

325 2468 356 2530 p.
368 2450 429 2522 69,
446 2444 474 2508 si
497 2442 551 2523 qui
572 2443 658 2507 Dori
677 2441 831 2520 fuissent,
847 2443 989 2526 potuisse
1011 2443 1107 2506 etiam
1121 2446 1221 2510 Doris
1242 2447 1365 2512 ebarer's
1384 2447 1422 2510 lo

326 2566 396 2611 cum
420 2564 511 2622 esse,
532 2547 639 2606 tamen
665 2540 750 2607 idem
779 2563 851 2607 oum
878 2545 975 2626 vulgo
1004 2551 1106 2622 errat,
1129 2544 1216 2627 quod
1246 2546 1310 2612 sibi
1339 2553 1422 2611 notos

326 2667 399 2714 esse
422 2645 530 2711 scribit
553 2643 607 2726 qui
629 2644 829 2727 appellentur
844 2647 968 2711 Dares.
984 2647 1087 2712 Dares
1103 2647 1187 2711 enim
1210 2653 1241 2712 et
1255 2649 1370 2714 Aeoles
1383 2648 1423 2712 di·

326 2754 438 2814 ountur
461 2767 539 2812 sane
562 2767 582 2810 a
603 2744 788 2823 Prisciano,
804 2747 907 2812 Dores
929 2747 963 2810 in
977 2747 1114 2829 Aquilae
1135 2750 1272 2814 Romani
1294 2750 1423 2834 capitulo

325 2856 388 2927 41,
404 2847 461 2914 sed
483 2851 592 2915 Aeolb
614 2848 681 2912 sive
699 2849 825 2912 Aeoler's
840 2846 976 2912 Varroni
999 2848 1032 2912 in
1054 2869 1159 2915 rerum
1180 2852 1372 2917 rusticarum
1384 2875 1423 2935 m,

331 2958 355 3028 1,
368 2958 388 3020 6
403 2957 435 3015 et
452 2956 500 3028 12,
513 2957 553 3027 6,
569 2951 659 3014 Eolr's
680 2946 720 3013 de
735 2949 846 3030 lingua
861 2947 975 3013 Latina
996 2949 1031 3013 in
1046 2974 1065 3012 v
1080 2973 1111 3035 p.
1123 2958 1164 3020 41
1180 2959 1241 3022 104
1256 2954 1423 3019 secundum

327 3054 488 3136 exemplar
509 3050 750 3128 Florentinum,
773 3050 807 3113 in
829 3050 993 3116 Ciceronis
1016 3051 1056 3116 de
1079 3070 1113 3116 re
1135 3053 1264 3134 publica
1278 3061 1348 3134 n,4
1368 3058 1424 3121 Do·

325 3159 372 3220 ris
383 3205 392 3237 ,
412 3154 473 3218 hoe
494 3157 543 3217 est
563 3153 695 3217 Doriis.
715 3152 750 3215 in
771 3150 915 3216 eiusdem
940 3172 996 3235 pro
1025 3152 1140 3217 Flacco
1168 3154 1313 3221 oratione
1327 3162 1379 3236 27,
1391 3162 1426 3226 64
1461 3144 1462 3217 J

324 3256 509 3339 Zumptius‚
526 3254 573 3317 vir
596 3251 810 3329 clarissimus,
831 3272 882 3316 me
904 3252 1011 3319 docuit
1032 3255 1299 3336 Lagomarsinum
1321 3259 1356 3323 in
1376 3280 1426 3324 un·

326 3356 429 3422 decim
452 3355 614 3420 codicibus
628 3356 719 3418 Eob's
742 3354 1089 3435 scriptuminvenisse‚
1105 3356 1139 3420 in
1161 3355 1287 3424 duobus
1300 3363 1445 3445 Aeoles,⁸

325 3459 424 3522 Doris
446 3458 480 3520 in
495 3462 585 3533 octo,
602 3456 634 3518 in
655 3476 718 3519 uno
734 3457 865 3520 Dom'is.
882 3456 969 3539 apud
984 3458 1112 3522 Festum
1128 3480 1158 3541 p.
1172 3464 1245 3539 317,
1257 3467 1301 3530 33
1317 3463 1429 3536 Graeci

325 3559 450 3640 Dorias,
463 3557 548 3639 quod
562 3558 680 3640 sprevit
690 3557 862 3622 Mullerus.
879 3560 1091 3624 Terentianus
1107 3562 1237 3626 Maurus
1248 3569 1313 3632 659
1328 3565 1426 3629 Plura

325 3659 452 3745 Sappho
468 3662 677 3745 comprobavit
692 3659 801 3744 (immo
817 3663 1063 3745 comprobabit),
1079 3665 1188 3728 Aeolis
1204 3679 1233 3729 et
1246 3669 1346 3730 ceteri
1354 3715 1362 3728 .
1378 3685 1426 3749 op

258 3761 261 3765 ’
325 3761 401 3824 tima
413 3759 608 3844 exemplaria
620 3759 808 3837 Quintiliani
820 3761 929 3826 Aeolrs
943 3760 977 3823 in
991 3785 1012 3838 1,
1022 3767 1052 3841 4,
1068 3769 1127 3831 16.
1143 3769 1290 3850 Δωριεῖς
1302 3770 1333 3830 et
1343 3762 1426 3833 Aio-

326 3863 393 3940 λεῖς
420 3864 506 3946 apud
534 3861 730 3927 Macrobium
757 3860 798 3926 de
826 3861 915 3925 verbi
942 3861 1128 3930 diberentiis
1148 3871 1254 3949 1253
1283 3868 1373 3932 Iani.
1392 3888 1426 3933 er

325 3964 375 4028 his
396 3970 531 4047 apparet
558 3984 663 4046 neque
690 3963 775 4045 apud
800 3963 954 4028 Velleium
970 3987 991 4043 1,
1003 3971 1068 4048 4,4
1089 3970 1199 4049 Aeolii
1217 3968 1295 4034 ferri
1316 3975 1426 4053 posse,

325 4084 428 4145 neque
443 4065 530 4149 apud
546 4065 685 4130 Gellium
700 4086 733 4146 11,
745 4068 787 4133 26
802 4065 935 4130 Dorici.
950 4069 1046 4132 Aeoli
1057 4069 1210 4152 appellati
1226 4076 1301 4137 sunt
1322 4093 1343 4135 a
1358 4072 1427 4136 Cor-

325 4172 402 4230 nuto
425 4168 458 4230 in
473 4165 629 4249 excerptis
645 4163 829 4229 Cassiodori
849 4167 936 4250 apud
951 4168 1134 4233 Putsobium
1149 4191 1181 4253 p.
1193 4176 1301 4258 2282,
1322 4173 1398 4239 item
1411 4192 1428 4234 a

325 4266 437 4331 Servio
460 4266 502 4330 ad
520 4266 682 4331 Aeneidos
696 4289 742 4350 111,
754 4272 838 4347 445,
859 4271 946 4335 Dori
971 4271 1058 4353 apud
1080 4270 1216 4337 eundem
1238 4275 1283 4339 ad
1305 4278 1384 4341 Aen.
1398 4297 1427 4352 11

324 4371 365 4435 27
377 4417 385 4446 ,
397 4366 503 4448 itaque
518 4369 633 4433 Festus
648 4388 678 4451 p.
693 4373 766 4446 206,
779 4375 799 4436 3
815 4376 846 4434 et
856 4371 999 4438 Isidorus
1014 4373 1173 4455 originum
1188 4397 1232 4455 rx,
1244 4380 1276 4460 2,
1290 4383 1354 4459 80,
1370 4379 1427 4442 Do-

324 4494 430 4535 remeo
443 4469 565 4535 Iustino
580 4493 614 4550 11,
626 4478 656 4550 6,
671 4474 731 4549 16,
747 4473 916 4538 Aeolmses
931 4474 1044 4558 Sergio
1060 4477 1266 4559 grammatico
1283 4501 1314 4564 p.
1330 4484 1426 4548 1827.

324 4570 359 4635 in
372 4571 445 4652 lege
459 4571 624 4636 notissima
638 4577 710 4638 sunt
726 4576 886 4640 Termescs
901 4576 968 4641 sive
982 4580 1163 4646 Termeases
1177 4583 1316 4648 maiores
1330 4583 1427 4648 Peisi-

325 4672 385 4738 dae
394 4721 404 4759 ,
424 4677 599 4751 Feratenses
609 4674 700 4740 Livio
712 4697 847 4760 xxxam,
863 4683 916 4761 15,
931 4679 1099 4751 Telmesses
1110 4679 1145 4746 in
1156 4680 1321 4751 Ciceronis
1333 4683 1376 4753 de
1386 4681 1427 4748 di·
