3509 5442
774 571 818 639 IV
1282 579 1345 646 257

322 753 397 818 798.
419 747 566 812 Passro
590 767 648 809 sru
670 765 880 809 smannens
902 765 1019 808 rocos
1041 768 1077 808 1u
1100 769 1262 820 cursous
1284 772 1345 813 rn-

234 871 351 914 RATA.
377 849 544 932 Oblong'us
566 849 677 914 Precto
698 852 734 942 alr
755 848 951 912 simulacra.
971 853 1056 913 recte
1077 850 1234 916 Antonius
1254 851 1346 915 Marii

236 958 268 1018 et
287 952 447 1018 Marullus
473 972 574 1014 smr.
595 947 654 1016 sed
682 949 767 1015 idem
789 948 945 1013 Marullus
966 950 1070 1030 male,
1091 951 1235 1033 quamvis
1257 953 1347 1036 plau·

237 1052 334 1119 dente
354 1050 575 1130 Wakefieldo‚
596 1054 678 1118 locos
706 1054 740 1116 in
762 1075 926 1136 quosque:
952 1071 1056 1134 neque
1086 1054 1169 1117 enim
1202 1053 1236 1117 id
1262 1074 1347 1118 nune

237 1155 365 1238 agitur,
380 1154 415 1219 in
436 1173 594 1238 quaenam
615 1152 688 1218 loca
709 1157 782 1217 eant
797 1152 987 1218 simulacra.
1004 1162 1091 1220 recte
1106 1155 1348 1222 Antoniusne*

239 1281 293 1322 crs
315 1262 353 1325 ire
375 1260 530 1344 quosque.
719 1265 722 1271 ’

327 1364 515 1428 799-801.
556 1360 683 1422 Tanna
720 1378 964 1421 uournrrsssr
1001 1381 1044 1422 nr
1077 1382 1201 1424 aarum
1239 1383 1346 1424 corin

240 1481 361 1524 ranna
375 1509 383 1524 .
399 1459 477 1524 Hoc
500 1480 562 1522 um
583 1481 695 1524 rarus
710 1481 817 1522 parur
832 1482 996 1533 anroonn
1017 1484 1081 1525 nsr
1096 1485 1238 1527 annana
1253 1486 1348 1528 unns

240 1566 329 1629 Inun
353 1583 620 1645 sraro,rs10a
641 1587 702 1627 uro
718 1584 861 1626 unsrun
876 1585 1040 1627 nurussn
1061 1587 1243 1630 vrunnuu.
1260 1565 1349 1630 Haec

242 1671 273 1732 et
293 1663 495 1731 emendatius
519 1665 636 1749 scripta
662 1672 693 1731 ot
716 1685 773 1730 suo
796 1662 866 1728 loco
890 1665 994 1748 posita
1020 1686 1117 1750 supra
1137 1668 1275 1750 legimus
1288 1672 1350 1734 774

244 1772 401 1847 7717723
418 1786 502 1850 quae
523 1767 576 1832 hic
597 1767 714 1834 frustra
736 1765 905 1849 adscripsit
925 1765 1045 1848 lector,
1062 1789 1156 1852 quem
1177 1770 1241 1834 iam
1264 1768 1350 1832 novi·

243 1889 335 1953 mus,
355 1868 411 1934 ille
432 1868 661 1955 philosophus.
680 1868 794 1937 borum
815 1887 966 1933 versuum
993 1867 1075 1936 duos
1096 1870 1272 1936 Lambinus
1295 1869 1351 1935 de-

243 1971 340 2052 levit,
355 1971 491 2056 primum
515 1973 627 2040 ceteris
649 1992 713 2037 non
735 1972 890 2056 aptiorem
912 1973 1059 2057 reliquit.

330 2078 405 2144 802.
427 2097 500 2138 nrsr
526 2097 597 2147 oue
625 2096 859 2138 conruunrr.
888 2077 985 2142 Recte
1015 2075 1189 2141 Lambinus
1218 2081 1287 2142 occi
1310 2098 1350 2139 sn

245 2177 421 2244 contendit.
437 2175 471 2241 in
484 2178 638 2260 proximis
663 2183 712 2242 est
725 2179 798 2264 Ipse
810 2192 909 2265 parat
923 2205 989 2244 sese
1003 2205 1125 2266 porro,
1141 2179 1216 2244 item
1232 2194 1352 2245 contem
1400 2169 1405 2178 ’

246 2281 318 2346 dere
333 2305 367 2345 se
378 2293 471 2366 utque
479 2305 621 2367 parare,
637 2278 777 2361 denique
789 2282 903 2366 quibas
919 2294 964 2345 eat
979 2284 1013 2346 in
1025 2283 1116 2346 rebus
1128 2281 1253 2347 deditus
1264 2285 1351 2368 ipse.

246 2401 283 2446 ex
309 2380 428 2463 quibus
452 2381 655 2465 perspicuum
681 2387 730 2446 est
757 2401 822 2445 non
849 2380 944 2446 modo
972 2382 1024 2447 hic
1050 2383 1239 2449 Lambinum
1268 2389 1352 2448 recte

247 2483 410 2563 sensisse,
435 2481 670 2550 Wakefieldum
697 2490 802 2548 autem
830 2483 963 2566 turpiter
989 2484 1074 2563 labi,
1102 2485 1156 2566 qui
1182 2487 1354 2570 coniungat

246 2611 328 2673 quae
350 2609 476 2653 cauere
497 2586 672 2669 contendit,
693 2585 751 2650 sed
774 2584 871 2650 etiam
897 2586 1048 2650 inversu
1070 2586 1235 2668 proximo,
1259 2607 1354 2669 quem

246 2687 319 2754 libri
341 2686 393 2752 bis
408 2686 575 2772 exhibent,
592 2687 650 2753 sed
672 2686 846 2769 quadratus
869 2686 924 2752 ubi
946 2686 1051 2750 alieno
1074 2687 1145 2750 loco
1161 2688 1277 2769 legitur
1299 2685 1355 2751 ad·

247 2809 377 2868 rasum,
391 2787 490 2855 verba
511 2794 620 2872 aperte
643 2795 811 2872 obnupta,
828 2807 911 2870 quae
933 2793 1005 2852 sunt
1027 2787 1121 2852 huius
1142 2787 1249 2873 modi,

334 2895 408 2961 804.
431 2896 503 2961 808.
526 2912 810 2970 runnunr,nrs1
838 2912 909 2960 oon
937 2912 983 2952 nx
1005 2913 1046 2952 sn
1072 2912 1152 2953 rrsn
1174 2912 1354 2969 nlnavrr,

248 2994 291 3059 ita
306 2990 498 3076 corrigenda
520 3012 591 3059 esse
612 2999 648 3057 ut
667 2991 824 3057 faciamus
847 2995 915 3057 acsi
927 3014 960 3054 s1
982 3013 1078 3062 Quas
1100 3014 1147 3055 nn
1170 3018 1203 3058 se
1217 2997 1284 3080 iore
1296 3019 1355 3080 pa·

249 3099 351 3162 rava.
367 3114 443 3159 nam
464 3114 529 3160 non
552 3094 669 3161 sufficit
687 3093 849 3159 inventum
863 3093 1031 3178 Lambini,
1048 3097 1115 3160 orii
1133 3099 1179 3160 sic
1200 3119 1266 3159 sese
1289 3097 1356 3180 inae

248 3201 400 3284 paravr't3
419 3196 505 3278 quod
527 3216 583 3261 cur
604 3196 779 3280 Forbigero
800 3195 834 3260 in
855 3193 1019 3261 codicibus
1042 3195 1108 3261 suis
1127 3195 1288 3264 invenisse
1311 3197 1357 3261 vi-

251 3297 363 3365 deatur
373 3348 383 3382 ,
404 3317 469 3362 non
492 3317 631 3380 quaero,
652 3299 803 3381 quoniam
833 3298 901 3364 scio
924 3316 996 3363 eum
1018 3297 1080 3364 hoc
1104 3305 1139 3362 ut
1160 3304 1265 3365 cetera
1287 3298 1357 3363 sine

250 3401 374 3465 ratione
405 3399 537 3465 dicere.
562 3400 616 3482 qui
644 3427 684 3467 ea
709 3401 981 3484 praepositionem
1012 3401 1172 3484 probant,
1196 3421 1262 3467 rem
1294 3421 1359 3465 non

251 3506 482 3586 perceperunt.
497 3500 581 3566 iufra
598 3506 680 3571 1046
696 3528 757 3588 qao
776 3527 808 3567 ce
824 3503 980 3568 contendit
995 3502 1069 3567 dira
1092 3504 1218 3568 lubido.
1234 3507 1267 3568 si
1279 3527 1359 3589 quae

251 3605 439 3692 corpuscula
470 3604 608 3688 legimus
646 3624 743 3686 supra
763 3609 823 3672 199
856 3604 919 3688 (ita
952 3604 1036 3667 enim
1075 3609 1158 3667 recte
1183 3602 1359 3667 Marullus:

251 3712 365 3789 postea
392 3706 582 3771 Lambinum
609 3705 709 3770 secuti
730 3705 942 3773 distinxerunt
964 3723 1035 3769 cum
1062 3723 1184 3768 summo
1207 3703 1360 3768 orationis

252 3804 422 3893 dispendio
448 3810 496 3889 ri,
518 3806 614 3895 quaa)
626 3857 634 3891 ,
656 3826 761 3889 neque
788 3826 924 3889 usquam
951 3831 1015 3890 qua
1043 3804 1150 3887 posuit
1174 3805 1360 3882 Lucretius,

252 3911 341 3975 utin
355 3930 400 3991 vr,
412 3914 473 3978 841
497 3909 628 3974 dubium
650 3928 716 3973 non
739 3908 778 3972 sit
801 3908 877 3989 quin
899 3910 931 3972 si
943 3931 1023 3992 quoe
1039 3904 1179 3971 scribere
1195 3911 1360 3988 oporteat.

337 4017 412 4081 805.
458 4033 674 4082 srcnuroun
715 4031 913 4073 auronum.
949 4007 1074 4091 Optime
1109 4007 1264 4073 Marullus
1300 4029 1360 4070 ru-

253 4135 400 4181 runnu.

340 4219 416 4286 811.
437 4236 583 4279 noceas
604 4236 750 4278 Possm.
772 4212 846 4278 Itali
872 4217 905 4276 et
925 4211 1072 4296 impressi
1094 4235 1277 4278 uoscnnn.

339 4323 415 4389 815.
437 4315 665 4380 Pnsnrcnnn
689 4338 789 4387 onan
810 4335 947 4385 omaus
970 4315 1224 4383 asr.Avantius
1246 4316 1365 4394 Pann-

248 4446 322 4488 τη
345 4445 443 4508 qaam
455 4466 462 4483 .
476 4433 643 4504 praetereo
662 4444 777 4506 qaam,
794 4415 881 4499 quod
896 4416 1059 4481 Bentleius
1081 4420 1238 4501 probabat
1258 4419 1292 4482 in
1306 4420 1367 4482 Te-

247 4521 349 4591 rentii
363 4519 487 4586 Andria
500 4526 586 4599 1v‚4‚
601 4525 662 4598 13,
678 4518 827 4584 Latinum
850 4538 924 4584 esse
947 4524 1046 4600 negat
1066 4519 1213 4585 Handius
1234 4520 1267 4585 in
1288 4519 1368 4582 Tur-

247 4623 365 4695 sellini
385 4628 471 4688 tomo
487 4643 520 4684 1v
534 4642 565 4704 p.
578 4627 662 4692 548.
679 4627 764 4687 certe
785 4621 903 4686 Latina
925 4626 998 4687 sunt
1015 4636 1125 4706 postea
1146 4649 1240 4709 qaam
1263 4627 1295 4686 et
1316 4644 1368 4682 ar-

1099 4729 1138 4789 17
