3509 5442
865 562 895 628 V
1368 568 1431 633 301

316 757 407 798 can.
426 731 482 798 nbi
503 730 741 798 Hildebrandus
763 730 852 797 dedit
872 733 1006 811 iactam,
1028 731 1081 796 'ex
1108 729 1233 813 optimis
1257 731 1435 799 codicibus'

316 834 449 915 inquit,
470 834 557 915 ‘quia
578 833 747 916 Apuleium
769 831 939 897 videndum
970 839 1018 897 est
1046 831 1228 897 memoriter
1256 834 1339 898 hunc
1364 854 1434 900 ver·

318 955 393 1000 sum
427 934 579 1000 recitasse
592 935 613 998 .’
633 941 666 1000 at
687 932 839 1018 Apuleius
866 935 1048 999 memoriter
1075 934 1200 1017 scripsit
1225 938 1340 1018 κὀοιοι,
1362 957 1432 1001 cum

317 1034 421 1101 modo
437 1037 600 1120 posuisset
620 1049 775 1122 usurpat:
790 1034 962 1100 videndum
989 1043 1037 1102 est
1059 1043 1163 1101 autem
1186 1055 1226 1102 ne
1244 1037 1433 1103 Hildebran-

318 1137 385 1203 dus
406 1138 461 1204 hic
482 1145 518 1204 ut
538 1138 620 1204 solet
641 1137 794 1221 ineptiat.
1388 1125 1398 1134 ’

410 1244 486 1311 580.
508 1242 611 1306 Aaou
632 1261 701 1303 rsa
721 1260 897 1303 munuum.
919 1238 1085 1304 corrector
1108 1241 1237 1322 oblongi
1260 1242 1361 1306 Anas
1376 1293 1382 1306 .
1399 1243 1433 1306 in

320 1340 443 1408 eodem
465 1346 598 1431 opeca’em
614 1339 808 1425 quadratus,
825 1346 857 1406 et
879 1341 1037 1424 oblongus
1051 1343 1154 1426 prima
1176 1363 1272 1408 manu
1288 1346 1431 1411 videtur.

410 1447 486 1514 581.
509 1444 619 1521 QUAM
640 1466 682 1507 mr
705 1466 837 1508 eruum.
860 1443 934 1506 Itali
956 1447 1139 1509 mr'ar'mcm.
1159 1445 1322 1512 Bentleius
1344 1467 1433 1530 pror-

321 1566 379 1612 sus
407 1546 538 1630 egregie
565 1568 691 1624 urum,
719 1545 805 1628 quod
831 1545 962 1628 Epicuri
993 1546 1100 1611 verbis
1134 1548 1322 1626 confirmat,
1351 1551 1434 1630 quae

320 1649 491 1731 Diogenes
515 1646 646 1732 protulit
668 1647 702 1711 in
716 1643 868 1730 x‚91,st
890 1643 952 1733 γάρ
976 1671 1058 1735 φησι
1081 1647 1119 1712 τὸ
1142 1649 1290 1734 μέγεθος
1313 1650 1371 1717 διὰ
1393 1651 1432 1717 τὰ

322 1747 496 1837 διάστημα
523 1743 772 1838 ἀποβεβλήκει,
798 1751 916 1837 πολλῷ
948 1745 988 1817 ἂν
1014 1749 1142 1833 μᾶλλον
1164 1751 1224 1838 τὴν
1250 1749 1373 1839 χρόαν.
1401 1755 1433 1818 in

322 1854 443 1938 quibus
467 1849 570 1938 χρόαν
599 1859 684 1917 recte
712 1853 935 1936 interpretatur
962 1854 1121 1932 colorem,
1141 1854 1202 1918 hoc
1229 1861 1278 1920 est
1303 1854 1433 1938 superfi-

322 1956 407 2021 ciem
430 1961 463 2021 et
484 1959 643 2020 extremas
666 1974 760 2019 oras.

412 2061 486 2127 584.
510 2055 667 2134 Quarto
705 2079 857 2128 ouoous
891 2079 1084 2127 oururssr
1119 2081 1207 2122 nruc
1235 2082 1343 2123 soors
1378 2083 1434 2122 vr-

322 2182 477 2223 oasroa
499 2182 534 2222 ru
558 2180 674 2222 suro.
701 2163 773 2227 596.
797 2158 955 2235 (lusura
978 2181 1173 2231 ouoouusr
1203 2183 1321 2224 roura
1346 2184 1432 2225 mue

322 2283 436 2326 sorus
463 2282 626 2326 mossur
654 2284 689 2324 ru
720 2282 840 2324 suro.
872 2260 1053 2338 Quadratus
1080 2262 1112 2326 in
1138 2283 1232 2328 versu
1255 2269 1318 2330 595
1347 2267 1434 2329 notio

322 2365 466 2430 viditur.
482 2363 576 2428 huius
593 2370 752 2429 corrector
772 2382 897 2428 versum
913 2368 976 2429 594
991 2369 1054 2431 595
1069 2370 1133 2433 596
1154 2366 1188 2429 in
1210 2366 1355 2448 margine
1377 2387 1434 2431 no-

322 2465 425 2532 tavit:
446 2463 559 2530 horum
585 2470 779 2549 postremum
807 2464 928 2546 primus
957 2466 1137 2548 Naugerius
1164 2466 1301 2544 delevit,
1323 2487 1434 2534 verum

324 2568 473 2634 ordinem
494 2567 648 2633 Marullus
668 2567 734 2631 iam
754 2564 900 2631 viderat.
917 2565 975 2631 sed
996 2587 1124 2631 versum
1140 2572 1203 2634 584
1226 2588 1296 2632 cum
1319 2569 1434 2635 Wake-

323 2668 442 2734 fieldus
453 2667 688 2751 imperitissime
705 2667 749 2731 ita
764 2667 957 2750 corrupisset
969 2670 1094 2746 (gloardo
1110 2693 1231 2754 quoque
1246 2684 1432 2754 cerquariis,

323 2774 398 2837 triac
414 2771 502 2835 uobis
517 2769 663 2834 videatur
680 2771 711 2832 ia
731 2770 814 2851 alto,
829 2768 1053 2846 Eichstadius‚
1070 2768 1155 2852 quod
1178 2789 1288 2835 omnes
1310 2770 1434 2836 fefelle-

323 2879 395 2957 rat,
412 2891 522 2937 verum
538 2871 624 2936 solus
635 2870 774 2947 invenit,
791 2870 1024 2947 Qusursous
1037 2885 1155 2958 quauta
1166 2885 1231 2954 eot;
1247 2891 1310 2953 qua
1327 2892 1434 2938 emen-

323 2973 457 3039 datione
477 2971 581 3037 effecit
601 2978 636 3036 ut
656 2971 709 3037 hic
731 2973 828 3036 semel
851 2973 945 3037 valdo
968 2973 1149 3038 laudandus
1171 2973 1230 3038 sit.

413 3079 487 3144 586.
511 3095 604 3145 onos
628 3095 780 3144 eunoun
802 3098 839 3138 ru
862 3097 994 3138 rsuurs
1018 3097 1223 3153 sermione,
1240 3079 1325 3141 Dum
1347 3099 1434 3140 rau·

323 3201 402 3243 uos
419 3187 586 3241 'cussus
603 3176 760 3241 Antonius
784 3176 874 3241 Marii
896 3180 983 3244 Dum
1006 3193 1119 3244 tremor
1142 3201 1205 3241 rsr
1232 3181 1359 3260 claros,
1376 3179 1434 3244 sed

324 3282 413 3346 idem
423 3278 563 3362 pessime
581 3280 739 3343 cernamus
758 3280 867 3344 torum
881 3304 890 3343 .·
905 3298 1010 3361 neque
1029 3281 1143 3345 melius
1153 3280 1323 3358 Mamllus‚
1340 3300 1434 3361 quem

323 3387 434 3446 tamen
458 3398 569 3445 omnes
585 3385 753 3458 secuntur,
769 3383 926 3445 οονκὶποε
942 3384 1029 3469 aporos
1047 3381 1199 3465 inpriore
1222 3404 1335 3459 versu,
1351 3387 1385 3445 ut
1401 3382 1434 3446 in

323 3480 472 3567 proximo
494 3488 568 3547 ante
583 3501 656 3546 eum
671 3483 803 3546 aetherto
821 3485 927 3568 ipseo,
943 3483 1130 3566 repetitione
1144 3486 1271 3569 inepta.
1289 3505 1354 3549 non
1379 3483 1434 3548 du·

323 3583 391 3649 bito
417 3581 494 3664 quin
515 3581 717 3648 scribendum
741 3583 781 3647 sit
803 3606 976 3648 rusmmsn
997 3587 1082 3649 Dum
1105 3599 1219 3652 tremor·
1241 3602 1285 3652 est
1306 3589 1433 3650 clamo.

413 3688 487 3753 589.
510 3706 584 3755 ouo
607 3706 768 3750 sonorus
792 3707 915 3749 susm.
939 3686 1113 3750 Lambinus
1136 3690 1257 3767 abortu,
1280 3708 1343 3769 quo
1365 3687 1433 3770 ipse

324 3786 395 3852 fieri
416 3804 483 3849 non
497 3785 720 3851 animadvertit
741 3793 776 3851 ut
798 3786 876 3853 haec
891 3789 990 3853 verba
1012 3787 1054 3850 ad
1076 3787 1168 3867 ignes
1183 3788 1338 3852 caelestes
1353 3787 1434 3852 refe·-

324 3887 429 3953 renda
444 3886 526 3965 sint,
542 3907 613 3952 cum
627 3894 735 3953 tamen
754 3895 876 3955 constet
898 3909 937 3954 ea
959 3889 1001 3953 ad
1016 3893 1178 3953 terrestres
1193 3889 1371 3970 pertinere.
1388 3889 1435 3952 sic

325 3989 413 4056 enim
436 3987 477 4053 de
492 3987 710 4071 magnitudino
724 3989 801 4056 solis
817 3991 974 4075 Epicurus
994 3991 1081 4075 apud
1095 3990 1255 4055 Laertium
1279 3991 1312 4055 in
1327 3996 1409 4074 x,91
1426 4040 1433 4052 .

323 4090 363 4158 τὸ
388 4089 427 4158 δὲ
437 4089 585 4177 μέγεθος
599 4084 699 4177 ἡλίου
720 4115 756 4157 τε
779 4091 835 4159 καὶ
849 4096 915 4158 τῶν
931 4093 1061 4160 λοιπῶν
1077 4086 1205 4177 ἄστρων
1221 4091 1305 4158 κατὰ
1320 4093 1381 4175 μὲν
1395 4093 1434 4160 cd

324 4191 412 4282 πρὸς
427 4186 516 4279 ἡμᾶς
526 4189 721 4278 τηλικοῦτόν
734 4192 822 4260 ἐστιν
838 4190 954 4281 ἡλίκον
964 4192 1122 4282 φαίνεται
1138 4188 1237 4281 (ἄλλο
1254 4194 1315 4281 γὰρ
1327 4192 1434 4284 τούτῳ

324 4290 614 4381 συμμετρούμενον
627 4290 794 4382 διάστημα
811 4291 916 4362 οὐθέν
929 4296 1045 4383 ἔστιν),
1058 4297 1142 4364 κατὰ
1160 4297 1197 4364 δὲ
1214 4295 1340 4365 τὸκατ’
1354 4295 1434 4366 οὐτὸ

323 4391 403 4487 ἤτοι
414 4395 527 4480 μεῖζον
537 4400 598 4464 τοῦ
610 4391 781 4482 ὁρωμένου
792 4393 813 4487 ἢ
826 4395 961 4466 ἔλαττον
972 4405 1079 4488 μικρῷ
1090 4396 1111 4489 ἢ
1122 4402 1316 4488 τηλικοῦτον
1327 4397 1433 4482 τυχόν·

325 4497 415 4568 oliuo
427 4497 491 4587 γὰρ
503 4499 610 4567 καὶτὰ
622 4497 704 4589 παρ’
723 4497 800 4587 ἡμῖν
815 4499 905 4590 πυρὰ
918 4497 954 4580 ἐξ
965 4498 1205 4592 ἀποστήματος
1217 4499 1436 4592 θεωρούμενα

325 4603 412 4672 κατὰ
423 4603 484 4692 τήν
496 4597 862 4692 αλόθησινθεωρεῖται.
876 4624 952 4686 ergo
961 4607 1165 4672 scribendum
1178 4615 1226 4673 est
1238 4632 1298 4694 quo
1310 4609 1434 4690 loupiac

324 4728 489 4773 aasuur.
506 4711 646 4772 ceterum
667 4704 701 4770 in
724 4705 941 4791 superioribus
963 4707 1122 4790 oblongus
1140 4710 1264 4776 οίοῖιιον
1273 4757 1282 4790 ,
1299 4705 1436 4788 quadra·
